75600000         237218004000150                    0304650000000256975 EMPRESA ABC                   SICOOB                                  11809201809113300000108100000                                                                     
75600011R01  040 2037218004000150                    0304650000000256975 EMPRESA ABC                                                                                                   000000011809201800000000                                 
7560001300001P 010304650000000256975 000000060103014     10 2290             2009201800000000002200000000 01N180920182200920180000000000001000000000000000000000000000000000000000000000000000000000000000000               1000   090000000000 
7560001300002Q 011000089735501015ADELSON LACERDA FERNANDES               RUA SAO JOAQUIM ,AP 24                  LIBERDADE      00002000SAO PAULO      SP0000000000000000                                        000                            
7560001300003R 01000000000000000000000000000000000000000000000000220092018000000000000200                                                                                                              0000000000000000 000000000000  0         
7560001300004S 013APOS O VENCIMENTO COBRAR MULTA DE:  2   APOS O VENCIMENTO COBRAR MORA DIARIA DE:CAMPO 1                                 CAMPO 2                                 CAMPO COMPLEMENTAR                                            
7560001300005P 010304650000000256975 000000061903014     10 2290             2009201800000000002200000000 01N180920182200920180000000000001000000000000000000000000000000000000000000000000000000000000000000               1000   090000000000 
7560001300006Q 011000089735501015ADELSON LACERDA FERNANDES               RUA SAO JOAQUIM ,AP 24                  LIBERDADE      00002000SAO PAULO      SP0000000000000000                                        000                            
7560001300007R 01000000000000000000000000000000000000000000000000220092018000000000000200                                                                                                              0000000000000000 000000000000  0         
7560001300008S 013APOS O VENCIMENTO COBRAR MULTA DE:  2   APOS O VENCIMENTO COBRAR MORA DIARIA DE:CAMPO 1                                 CAMPO 2                                 CAMPO COMPLEMENTAR                                            
75600015         00001000000200000000000044000000000000000000000000000000000000000000000000000000000000000000000000                                                                                                                             
75699999         000001000012000000