75600000         219895217000135                    0514210000000064450 IOWA IDIOMAS                  SICOOB                                  11809201810240200000108100000                                                                     
75600011R01  040 2019895217000135                    0514210000000064450 IOWA IDIOMAS                                                                                                  000000011809201800000000                                 
7560001300001P 010514210000000064450 000000098503014     10 2290             2009201800000000002200000000 01N180920182200920180000000000001000000000000000000000000000000000000000000000000000000000000000000               1000   090000000000 
7560001300002Q 011000089735501015ADELSON LACERDA FERNANDES               RUA SAO JOAQUIM ,AP 24                  LIBERDADE      00002000SAO PAULO      SP0000000000000000                                        000                            
7560001300003R 01000000000000000000000000000000000000000000000000220092018000000000000200                                                                                                              0000000000000000 000000000000  0         
7560001300004S 013APOS O VENCIMENTO COBRAR MULTA DE:  2   APOS O VENCIMENTO COBRAR MORA DIARIA DE:CAMPO 1                                 CAMPO 2                                 CAMPO COMPLEMENTAR                                            
7560001300005P 010514210000000064450 000000099901014     10 22100            2307201800000000001500000000 01N180920182230720180000000000001000000000000000000000000000000000000000000000000000000000000000000               1000   090000000000 
7560001300006Q 011000075513161834GENIVAL BESERRA LEITE                   AVENIDA TIRADENTES ,10                  JARDIM GUARULHO00007000GUARULHOS      SP0000000000000000                                        000                            
7560001300007R 01000000000000000000000000000000000000000000000000223072018000000000000200                                                                                                              0000000000000000 000000000000  0         
7560001300008S 013APOS O VENCIMENTO COBRAR MULTA DE:  2   APOS O VENCIMENTO COBRAR MORA DIARIA DE:CAMPO 1                                 CAMPO 2                                 CAMPO COMPLEMENTAR                                            
7560001300009P 010514210000000064450 000000100908014     10 22108            1503201900000000001500000000 01N180920182150320190000000000001000000000000000000000000000000000000000000000000000000000000000000               1000   090000000000 
7560001300010Q 011000041936634856SHEILA NASCIMENTO DA SILVA              RUA AIRTON SENA ,130                    JARDIM PLANALTO00007540GUARULHOS      SP0000000000000000                                        000                            
7560001300011R 01000000000000000000000000000000000000000000000000215032019000000000000200                                                                                                              0000000000000000 000000000000  0         
7560001300012S 013APOS O VENCIMENTO COBRAR MULTA DE:  2   APOS O VENCIMENTO COBRAR MORA DIARIA DE:CAMPO 1                                 CAMPO 2                                 CAMPO COMPLEMENTAR                                            
7560001300013P 010514210000000064450 000000101208014     10 22108            1503201900000000001500000000 01N180920182150320190000000000001000000000000000000000000000000000000000000000000000000000000000000               1000   090000000000 
7560001300014Q 011000041936634856SHEILA NASCIMENTO DA SILVA              RUA AIRTON SENA ,130                    JARDIM PLANALTO00007540GUARULHOS      SP0000000000000000                                        000                            
7560001300015R 01000000000000000000000000000000000000000000000000215032019000000000000200                                                                                                              0000000000000000 000000000000  0         
7560001300016S 013APOS O VENCIMENTO COBRAR MULTA DE:  2   APOS O VENCIMENTO COBRAR MORA DIARIA DE:CAMPO 1                                 CAMPO 2                                 CAMPO COMPLEMENTAR                                            
75600015         00001800000400000000000067000000000000000000000000000000000000000000000000000000000000000000000000                                                                                                                             
75699999         000001000020000000                                                                                                                                                                                                             
