75600000         219895217000135                    0514200000000064459 IOWA IDIOMAS                  SICOOB                                  10810201823191200000108100000                                                                     
75600011R01  040 2019895217000135                    0514200000000064459 IOWA IDIOMAS                                                                                                  000000010810201800000000                                 
7560001300001P 010514200000000064459 000000018201014     10 22247            2509201800000000001500000000 01N081020182250920180000000000001000000000000000000000000000000000000000000000000000000000000000000               1000   090000000000 
7560001300002Q 011000097844279079ALUNO TESTE                             AV. NEWTON PRADO ,256                   CENTRO         00019000PRESIDENTE VENCSP0000000000000000                                        000                            
7560001300003R 01000000000000000000000000000000000000000000000000225092018000000000000200                                                                                                              0000000000000000 000000000000  0         
7560001300004S 013APOS O VENCIMENTO COBRAR MULTA DE:  2   APOS O VENCIMENTO COBRAR MORA DIARIA DE:CAMPO 1                                 CAMPO 2                                 CAMPO COMPLEMENTAR                                            
7560001300005P 010514200000000064459 000000018303014     10 22249            2511201800000000001500000000 01N081020182251120180000000000001000000000000000000000000000000000000000000000000000000000000000000               1000   090000000000 
7560001300006Q 011000097844279079ALUNO TESTE                             AV. NEWTON PRADO ,256                   CENTRO         00019000PRESIDENTE VENCSP0000000000000000                                        000                            
7560001300007R 01000000000000000000000000000000000000000000000000225112018000000000000200                                                                                                              0000000000000000 000000000000  0         
7560001300008S 013APOS O VENCIMENTO COBRAR MULTA DE:  2   APOS O VENCIMENTO COBRAR MORA DIARIA DE:CAMPO 1                                 CAMPO 2                                 CAMPO COMPLEMENTAR                                            
7560001300009P 010514200000000064459 000000018404014     10 22250            2512201800000000001500000000 01N081020182251220180000000000001000000000000000000000000000000000000000000000000000000000000000000               1000   090000000000 
7560001300010Q 011000097844279079ALUNO TESTE                             AV. NEWTON PRADO ,256                   CENTRO         00019000PRESIDENTE VENCSP0000000000000000                                        000                            
7560001300011R 01000000000000000000000000000000000000000000000000225122018000000000000200                                                                                                              0000000000000000 000000000000  0         
7560001300012S 013APOS O VENCIMENTO COBRAR MULTA DE:  2   APOS O VENCIMENTO COBRAR MORA DIARIA DE:CAMPO 1                                 CAMPO 2                                 CAMPO COMPLEMENTAR                                            
7560001300013P 010514200000000064459 000000018504014     10 22250            2512201800000000001500000000 01N081020182251220180000000000001000000000000000000000000000000000000000000000000000000000000000000               1000   090000000000 
7560001300014Q 011000097844279079ALUNO TESTE                             AV. NEWTON PRADO ,256                   CENTRO         00019000PRESIDENTE VENCSP0000000000000000                                        000                            
7560001300015R 01000000000000000000000000000000000000000000000000225122018000000000000200                                                                                                              0000000000000000 000000000000  0         
7560001300016S 013APOS O VENCIMENTO COBRAR MULTA DE:  2   APOS O VENCIMENTO COBRAR MORA DIARIA DE:CAMPO 1                                 CAMPO 2                                 CAMPO COMPLEMENTAR                                            
75600015         00001800000400000000000060000000000000000000000000000000000000000000000000000000000000000000000000                                                                                                                             
75699999         000001000020000000                                                                                                                                                                                                             
