00100000         219895217000135003291258001417019  0332780000000364436 IWS CURSOS DE IDIOMAS LTDA    BANCO DO BRASIL S.A                     12010202010141600169000000000                                                                     
00100011R01  000 2019895217000135003291258001417019  03327800000003644360IWS CURSOS DE IDIOMAS LTDA                                                                                    000000002010202000000000                                 
0010001300001P 010332780000000364436032912580000010409   11220               3112196900000000000420500000 02N2010202023112196900000000000010000000000000000000000000000000000000000000000000000000032912580000010409        1290000090000000000 
0010001300002Q 011000032310569852CARLOS ALBERTO ANTUNES FERREIRA JAºNIOR AVENIDA OLAVO BILAC ,505                JARDIM SANTO AN06190150OSASCO         SP0000000000000000                                        0                              
0010001300003P 010332780000000364436032912580000010410   11220               3112196900000000000420500000 02N2010202023112196900000000000010000000000000000000000000000000000000000000000000000000032912580000010410        1290000090000000000 
0010001300004Q 011000032300678861DIOGO NEVES MARINHO                     RUA JOSA© DAMACENO ,08                  GUACURI        04475300SAO PAULO      SP0000000000000000                                        0                              
00100015         000006                                                                                                                                                                                                                         
00199999         000001000008                                                                                                                                                                                                                   
