00100000         219895217000135003291258001417019  0332780000000364436 IWS CURSOS DE IDIOMAS LTDA    BANCO DO BRASIL S.A                     12010202013294800169500000000                                                                     
00100011R01  000 2019895217000135003291258001417019  03327800000003644360IWS CURSOS DE IDIOMAS LTDA                                                                                    000000002010202000000000                                 
0010001300001P 010332780000000364436032912580000010407   11220               2010202000000000003080500000 02N2010202022010202000000000000100000000000000000000000000000000000000000000000000000000032912580000010407        1290000090000000000 
0010001300002Q 011000036499532851LUDMYLA VIEIRA KAMINSKY                 RUA DOUTOR MIGUEL VIEIRA FERREIRA ,57   JARDIM ZAIRA   07095070GUARULHOS      SP0000000000000000                                        0                              
0010001300003P 010332780000000364436032912580000010408   11220               2010202000000000002511600000 02N2010202022010202000000000000080000000000000000000000000000000000000000000000000000000032912580000010408        1290000090000000000 
0010001300004Q 011000027567853850CRISTIANE DORNAS PANHOTTA ARAAºJO       RUA JOA£O ARTONI ,97                    JARDIM TESTAE  07130510GUARULHOS      SP0000000000000000                                        0                              
00100015         000006                                                                                                                                                                                                                         
00199999         000001000008                                                                                                                                                                                                                   
