00100000         2198952170001353291258001417019    0563100000020064454 IWS CURSOS DE IDIOMAS LTDA    BANCO DO BRASIL S.A                     10410202017540200165400000000                                                                     
00100011R01  000 2019895217000135003291258001417027  05631000000200644540IWS CURSOS DE IDIOMAS LTDA                                                                                    000000000410202000000000                                 
0010001300001P 010563100000020064454032912580000010400   01220               3112196900000000003087000000 02N1004202023112196900000000000100000000000000000000000000000000000000000000000000000000032912580000010400        1900000090000000000 
0010001300002Q 011000028554765850ADRIANA MARIA RODRIGUES                 ALAMEDA JOAQUIM EUGAªNIO DE LIMA ,113   JARDIM PAULISTA01403001SAO PAULO      SP0000000000000000                                        0                              
0010001300003P 010563100000020064454032912580000010400   01220               3112196900000000002250000000 02N1004202023112196900000000000070000000000000000000000000000000000000000000000000000000032912580000010400        1900000090000000000 
0010001300004Q 011000030095750843ALESSANDRA GONA§ALVES MARTINS           RUA NA­DIA ,221                         CIDADE PARQUE A07242400GUARULHOS      SP0000000000000000                                        0                              
0010001300005P 010563100000020064454032912580000010400   01220               3112196900000000001000000000 02N1004202023112196900000000000030000000000000000000000000000000000000000000000000000000032912580000010400        1900000090000000000 
0010001300006Q 011000046251264870AMANDA FERREIRA DA SILVA                RUA ANTUA©RPIA ,100                     UTINGA         09230120SANTO ANDRE    SP0000000000000000                                        0                              
00100015         000008                                                                                                                                                                                                                         
00199999         000001000010                                                                                                                                                                                                                   
