00100000         219895217000135003291258001417019  0332780000000364436 IWS CURSOS DE IDIOMAS LTDA    BANCO DO BRASIL S.A                     12010202006462800168100000000                                                                     
00100011R01  000 2019895217000135003291258001417019  03327800000003644360IWS CURSOS DE IDIOMAS LTDA                                                                                    000000002010202000000000                                 
0010001300001P 010332780000000364436032912580000010405   11220               3112196900000000003210500000 02N2010202023112196900000000000110000000000000000000000000000000000000000000000000000000032912580000010405        1290000090000000000 
0010001300002Q 011000045203923817ALLAS PEREIRA DA SILVA                  RUA PADRE ROBERTO LANDELL DE MOURA ,231 JARDIM ADRIANA 07135166GUARULHOS      SP0000000000000000                                        0                              
0010001300003P 010332780000000364436032912580000010406   11220               3112196900000000002288000000 02N2010202023112196900000000000080000000000000000000000000000000000000000000000000000000032912580000010406        1290000090000000000 
0010001300004Q 011000045698265801BIANCA DA SILVA MARCOLINO               RUA SA£O MIGUEL DO TAIPU ,164           JARDIM SA£O MAN07183050GUARULHOS      SP0000000000000000                                        0                              
00100015         000006                                                                                                                                                                                                                         
00199999         000001000008                                                                                                                                                                                                                   
