00100000         219895217000135003291258001417019  0332700000000364436 IWS CURSOS DE IDIOMAS LTDA    BANCO DO BRASIL S.A                     10810202022181100165900000000                                                                     
00100011R01  000 2019895217000135003291258001417027  03327000000003644360IWS CURSOS DE IDIOMAS LTDA                                                                                    000000000810202000000000                                 
0010001300001P 010332700000000364436032912580000010400   171220               3112196900000000009150000000 02N1008202023112196900000000000300000000000000000000000000000000000000000000000000000000032912580000010400        1900000090000000000 
0010001300002Q 011000000321776747AUGUSTO SA©RGIO BASTOS FILHO            RUA BARA£O DO BANANAL ,                 VILA POMPA©IA  05024000SAO PAULO      SP0000000000000000                                        0                              
00100015         000004                                                                                                                                                                                                                         
00199999         000001000006                                                                                                                                                                                                                   
