00100000         219895217000135003291258001417019  0332780000000364436 IWS CURSOS DE IDIOMAS LTDA    BANCO DO BRASIL S.A                     12610202006153700169800000000                                                                     
00100011R01  000 2019895217000135003291258001417019  03327800000003644360IWS CURSOS DE IDIOMAS LTDA                                                                                    000000002610202000000000                                 
0010001300001P 010332780000000364436032912580000010409   11220               2510202000000000022200000000 02N2610202022510202000000000000730000000000000000000000000000000000000000000000000000000032912580000010409        1290000090000000000 
0010001300002Q 011000057441715920ALEXANDRE GAMA                          RUA JACUTINGA ,Z6C                      MAIRINQUE      18120000MAIRINQUE      SP0000000000000000                                        0                              
00100015         000004                                                                                                                                                                                                                         
00199999         000001000006                                                                                                                                                                                                                   
