00100000         219895217000135003291258001417019  0332700000000364436 IWS CURSOS DE IDIOMAS LTDA    BANCO DO BRASIL S.A                     11810202021540700167400000000                                                                     
00100011R01  000 2019895217000135003291258001417019  03327000000003644360IWS CURSOS DE IDIOMAS LTDA                                                                                    000000001810202000000000                                 
0010001300001P 010332700000000364436032912580000010403   11220               3112196900000000000420500000 02N1810202023112196900000000000010000000000000000000000000000000000000000000000000000000032912580000010403        1290000090000000000 
0010001300002Q 011000022513133897EDGAR DIAS DE ANDRADE                   RUA GENTIL BRAGA ,                      VILA BUENOS AIR03737020SAO PAULO      SP0000000000000000                                        0                              
0010001300003P 010332700000000364436032912580000010404   11220               3112196900000000001261600000 02N1810202023112196900000000000040000000000000000000000000000000000000000000000000000000032912580000010404        1290000090000000000 
0010001300004Q 011000009158540903GUILHERME BARBOSA MENDES                RUA JOHANNES RODL ,                     ITOUPAVA NORTE 89053570BLUMENAU       SC0000000000000000                                        0                              
00100015         000006                                                                                                                                                                                                                         
00199999         000001000008                                                                                                                                                                                                                   
