00100000         219895217000135003291258001417019  0332700000000364436 IWS CURSOS DE IDIOMAS LTDA    BANCO DO BRASIL S.A                     11110202018314000166800000000                                                                     
00100011R01  000 2019895217000135003291258001417019  03327000000003644360IWS CURSOS DE IDIOMAS LTDA                                                                                    000000001110202000000000                                 
0010001300001P 010332700000000364436032912580000010400   11220               3112196900000000009150000000 02N3112196923112196900000000000300000000000000000000000000000000000000000000000000000000032912580000010400        1900000090000000000 
0010001300002Q 011000000321776747AUGUSTO SA©RGIO BASTOS FILHO            RUA BARA£O DO BANANAL ,                 VILA POMPA©IA  05024000SAO PAULO      SP0000000000000000                                        0                              
0010001300003P 010332700000000364436032912580000010400   11220               3112196900000000001261600000 02N3112196923112196900000000000040000000000000000000000000000000000000000000000000000000032912580000010400        1900000090000000000 
0010001300004Q 011000004099091902DANIEL FELIPE FILACHOWSKI               RUA CA¡SSIO MEDEIROS ,                  VORSTADT       89015480BLUMENAU       SC0000000000000000                                        0                              
00100015         000006                                                                                                                                                                                                                         
00199999         000001000008                                                                                                                                                                                                                   
