00100000         219895217000135003291258001417019  0332780000000364436 IWS CURSOS DE IDIOMAS LTDA    BANCO DO BRASIL S.A                     10102202122393600209900000000                                                                     
00100011R01  000 2019895217000135003291258001417019  03327800000003644360IWS CURSOS DE IDIOMAS LTDA                                                                                    000000000102202100000000                                 
0010001300001P 010332780000000364436032912580000012079   11220               1802202100000000003500000000 02N0102202121802202100000000000120000000000000000000000000000000000000000000000000000000032912580000012079        1290000090000000000 
0010001300002Q 011000015345827893ANA PAULA MOURA                         ALAMEDA JOAQUIM EUGAªNIO DE LIMA ,177/12JARDIM PAULISTA01403001SAO PAULO      SP0000000000000000                                        0                              
00100015         000004                                                                                                                                                                                                                         
00199999         000001000006                                                                                                                                                                                                                   
