00100000         219895217000135003291258001417019  0332780000000364436 IWS CURSOS DE IDIOMAS LTDA    BANCO DO BRASIL S.A                     11306202215433400352500000000                                                                     
00100011R01  000 2019895217000135003291258001417019  03327800000003644360IWS CURSOS DE IDIOMAS LTDA                                                                                    000000001306202200000000                                 
00199999         000001000003                                                                                                                                                                                                                   
