00100000         219895217000135003291258001417019  0332780000000364436 IWS CURSOS DE IDIOMAS LTDA    BANCO DO BRASIL S.A                     10302202107513800210200000000                                                                     
00100011R01  000 2019895217000135003291258001417019  03327800000003644360IWS CURSOS DE IDIOMAS LTDA                                                                                    000000000302202100000000                                 
0010001300001P 010332780000000364436032912580000012082   11220               1002202100000000002348300000 02N0302202121002202100000000000080000000000000000000000000000000000000000000000000000000032912580000012082        1290000090000000000 
0010001300002Q 011000094085919253GILBRAZ GUIMARA£ES PINTO                RUA PADRE CLA¡UDIO ARENAL ,582          VILA BARROS    07192010GUARULHOS      SP0000000000000000                                        0                              
00100015         000004                                                                                                                                                                                                                         
00199999         000001000006                                                                                                                                                                                                                   
