75600000         219895217000135                    0563100000020064454 IWS CURSOS DE IDIOMAS LTDA    SICOOB                                  10102202122230100000108100000                                                                     
75600011R01  040 2019895217000135                    0563100000020064454 IWS CURSOS DE IDIOMAS LTDA                                                                                    000020900102202100000000                                 
7560001300001P 010563100000020064454 000012078201011     10 222259122000000000102202100000000002591300000 02A01022021101022021000000000000009000000000000000000000000000000000000000000000000000000                         1000   090000000000 
7560001300002Q 011000011387850750ALAN MATIAS AVELAR                      RUA MARATONA ,199                       VILA ALEXANDRIA04635041      SAO PAULOSP0000000000000000                                        000                            
7560001300003R 01000000000000000000000000000000000000000000000000101022021000000000000518                                                                                                              0000000000000000 000000000000  0         
7560001300004S 013                                                                                                                                                                                                                              
75600015         00000100000100000000000025913000000000000000000000000000000000000000000000000000000000000000000000                                                                                                                             
75699999         000001000001000000                                                                                                                                                                                                             