75600000         219895217000135                    0563100000020064454 IWS CURSOS DE IDIOMAS LTDA    SICOOB                                  12405202409485400000108100000                                                                     
75600011R01  040 2019895217000135                    0563100000020064454 IWS CURSOS DE IDIOMAS LTDA                                                                                    000045792405202400000000                                 
7560001300001P 010563100000020064454 000026922001011     10 224254813720000001506202400000000002652600000 02A24052024115062024000000000000009000000000000000000000000000000000000000000000000000000                         1000   090000000000 
7560001300002Q 011000044202915836LAIS CREPALDI                           RUA HEITOR PENTEADO ,1832               SUMAREZINHO    05438300      SAO PAULOSP0000000000000000                                        000                            
7560001300003R 01000000000000000000000000000000000000000000000000115062024000000000000531                                                                                                              0000000000000000 000000000000  0         
7560001300004S 013                                                                                                                                                                                                                              
75600015         00000100000100000000000026526000000000000000000000000000000000000000000000000000000000000000000000                                                                                                                             
75699999         000001000001000000                                                                                                                                                                                                             