75600000         232970660000191                    0563100000020098014 EDUULMC CURSOS DE IDIOMAS EIRESICOOB                                  10506202413544600000108100000                                                                     
75600011R01  040 2032970660000191                    0563100000020098014 EDUULMC CURSOS DE IDIOMAS EIRE                                                                                000045920506202400000000                                 
7560001300001P 010563100000020098014 000026997201011     10 224290115820000002006202400000000001666700000 02A05062024120062024000000000000006000000000000000000000000000000000000000000000000000000                         1000   090000000000 
7560001300002Q 011000046056861856NAYARA PEREIRA NASCIMENTO               RUA ENGENHEIRO PAULO FRONTIM ,383       JARDIM SAO PAUL07131100      GUARULHOSSP0000000000000000                                        000                            
7560001300003R 01000000000000000000000000000000000000000000000000120062024000000000000333                                                                                                              0000000000000000 000000000000  0         
7560001300004S 013                                                                                                                                                                                                                              
7560001300005P 010563100000020098014 000026998001011     10 224290215820000000107202400000000001666700000 02A05062024101072024000000000000006000000000000000000000000000000000000000000000000000000                         1000   090000000000 
7560001300006Q 011000046056861856NAYARA PEREIRA NASCIMENTO               RUA ENGENHEIRO PAULO FRONTIM ,383       JARDIM SAO PAUL07131100      GUARULHOSSP0000000000000000                                        000                            
7560001300007R 01000000000000000000000000000000000000000000000000101072024000000000000333                                                                                                              0000000000000000 000000000000  0         
7560001300008S 013                                                                                                                                                                                                                              
7560001300009P 010563100000020098014 000026999701011     10 224290315820000002207202400000000001666700000 02A05062024122072024000000000000006000000000000000000000000000000000000000000000000000000                         1000   090000000000 
7560001300010Q 011000046056861856NAYARA PEREIRA NASCIMENTO               RUA ENGENHEIRO PAULO FRONTIM ,383       JARDIM SAO PAUL07131100      GUARULHOSSP0000000000000000                                        000                            
7560001300011R 01000000000000000000000000000000000000000000000000122072024000000000000333                                                                                                              0000000000000000 000000000000  0         
7560001300012S 013                                                                                                                                                                                                                              
75600015         00000300000300000000000050001000000000000000000000000000000000000000000000000000000000000000000000                                                                                                                             
75699999         000001000003000000                                                                                                                                                                                                             