75600000         219895217000135                    0563100000020064454 IWS CURSOS DE IDIOMAS LTDA    SICOOB                                  12310202413194700000108100000                                                                     
75600011R01  040 2019895217000135                    0563100000020064454 IWS CURSOS DE IDIOMAS LTDA                                                                                    000047882310202400000000                                 
7560001300001P 010563100000020064454 000028424401011     10 223914120700000001011202400000000003276200000 02A23102024110112024000000000000011000000000000000000000000000000000000000000000000000000                         1000   090000000000 
7560001300002Q 011000009240151796FABIANA CRISTINA DE OLIVEIRA            RUA FRANCISCO PUGLIESSE ,367            JARDIM RIZZO   05587040      SAO PAULOSP0000000000000000                                        000                            
7560001300003R 01000000000000000000000000000000000000000000000000110112024000000000000655                                                                                                              0000000000000000 000000000000  0         
7560001300004S 013                                                                                                                                                                                                                              
7560001300005P 010563100000020064454 000028425101011     10 224272473300000000511202400000000003202700000 02A23102024105112024000000000000011000000000000000000000000000000000000000000000000000000                         1000   090000000000 
7560001300006Q 011000002135412899FELICIA DEL GALLO ROCHA                 RUA PROFESSOR APRIGIO GONZAGA ,435      SAO JUDAS      04303001      SAO PAULOSP0000000000000000                                        000                            
7560001300007R 01000000000000000000000000000000000000000000000000105112024000000000000641                                                                                                              0000000000000000 000000000000  0         
7560001300008S 013                                                                                                                                                                                                                              
7560001300009P 010563100000020064454 000028426901011     10 224049319880000000511202400000000007880000000 02A23102024105112024000000000000026000000000000000000000000000000000000000000000000000000                         1000   090000000000 
7560001300010Q 011000039743835814HUDSON CARDOSO DE OLIVEIRA              RUA BEGONIA ,126                        VILLA VERDE    07813010FRANCO DA ROCHASP0000000000000000                                        000                            
7560001300011R 01000000000000000000000000000000000000000000000000105112024000000000001576                                                                                                              0000000000000000 000000000000  0         
7560001300012S 013                                                                                                                                                                                                                              
7560001300013P 010563100000020064454 000028427601011     10 224404212010000001011202400000000003460700000 02A23102024110112024000000000000011000000000000000000000000000000000000000000000000000000                         1000   090000000000 
7560001300014Q 011000037917191818JACQUELINE ALVES TAMURA                 AVENIDA TIRADENTES ,                    JARDIM GUARULHO07090000      GUARULHOSSP0000000000000000                                        000                            
7560001300015R 01000000000000000000000000000000000000000000000000110112024000000000000692                                                                                                              0000000000000000 000000000000  0         
7560001300016S 013                                                                                                                                                                                                                              
75600015         00000400000400000000000178196000000000000000000000000000000000000000000000000000000000000000000000                                                                                                                             
75699999         000001000004000000                                                                                                                                                                                                             