75600000         219895217000135                    0563100000020064454 IWS CURSOS DE IDIOMAS LTDA    SICOOB                                  10212202411244600000108100000                                                                     
75600011R01  040 2019895217000135                    0563100000020064454 IWS CURSOS DE IDIOMAS LTDA                                                                                    000048310212202400000000                                 
7560001300001P 010563100000020064454 000028951201011     10 224139748000000003012202400000000003146100000 02A02122024130122024000000000000010000000000000000000000000000000000000000000000000000000                         1000   090000000000 
7560001300002Q 011000041970584890ANA VITORIA ROLIM FRANCESCHI            RUA DOS FRANCESES ,498                  MORRO DOS INGLE01329010      SAO PAULOSP0000000000000000                                        000                            
7560001300003R 01000000000000000000000000000000000000000000000000130122024000000000000629                                                                                                              0000000000000000 000000000000  0         
7560001300004S 013                                                                                                                                                                                                                              
7560001300005P 010563100000020064454 000028952001011     10 223990812770000002512202400000000003672900000 02A02122024125122024000000000000012000000000000000000000000000000000000000000000000000000                         1000   090000000000 
7560001300006Q 011000054691277889GABRIEL NOGUEIRA MARTINS ALVARENGA      RUA DOS FRANCESES ,498                  MORRO DOS INGLE01329010      SAO PAULOSP0000000000000000                                        000                            
7560001300007R 01000000000000000000000000000000000000000000000000125122024000000000000735                                                                                                              0000000000000000 000000000000  0         
7560001300008S 013                                                                                                                                                                                                                              
7560001300009P 010563100000020064454 000028953701011     10 224274974800000001512202400000000003500000000 02A02122024115122024000000000000012000000000000000000000000000000000000000000000000000000                         1000   090000000000 
7560001300010Q 011000051097253813GABRIELA HIGA MONJAR SECKLER            RUA ALENCAR ARARIPE ,                   SACOMA         04253000      SAO PAULOSP0000000000000000                                        000                            
7560001300011R 01000000000000000000000000000000000000000000000000115122024000000000000700                                                                                                              0000000000000000 000000000000  0         
7560001300012S 013                                                                                                                                                                                                                              
7560001300013P 010563100000020064454 000028954401011     10 224311617860000003012202400000000003932600000 02A02122024130122024000000000000013000000000000000000000000000000000000000000000000000000                         1000   090000000000 
7560001300014Q 011000018874492804DANIELA DE SIQUEIRA AUDRA.              ALAMEDA JOAQUIM EUGENIO DE LIMA ,130    JARDIM PAULISTA01403000      SAO PAULOSP0000000000000000                                        000                            
7560001300015R 01000000000000000000000000000000000000000000000000130122024000000000000787                                                                                                              0000000000000000 000000000000  0         
7560001300016S 013                                                                                                                                                                                                                              
7560001300017P 010563100000020064454 000028955101011     10 223883013200000002012202400000000003710000000 02A02122024120122024000000000000012000000000000000000000000000000000000000000000000000000                         1000   090000000000 
7560001300018Q 011000014040948068HELOISA HELENA MONTEIRO KROMBERG        RUA DOS FRANCESES ,498 111 E            MORRO DOS INGLE01329010      SAO PAULOSP0000000000000000                                        000                            
7560001300019R 01000000000000000000000000000000000000000000000000120122024000000000000742                                                                                                              0000000000000000 000000000000  0         
7560001300020S 013                                                                                                                                                                                                                              
7560001300021P 010563100000020064454 000028956901011     10 223928648900000002012202400000000002796100000 02A02122024120122024000000000000009000000000000000000000000000000000000000000000000000000                         1000   090000000000 
7560001300022Q 011000048915085825JOYCE BOLOGNANI ROVERI                  AVENIDA DOM JAIME DE BARROS CAMARA ,715 PLANALTO       09895400SAO BERNARDO DOSP0000000000000000                                        000                            
7560001300023R 01000000000000000000000000000000000000000000000000120122024000000000000559                                                                                                              0000000000000000 000000000000  0         
7560001300024S 013                                                                                                                                                                                                                              
7560001300025P 010563100000020064454 000028957601011     10 224209232300000003012202400000000002587200000 02A02122024130122024000000000000009000000000000000000000000000000000000000000000000000000                         1000   090000000000 
7560001300026Q 011000004471029908LEANDRO AUGUSTO CALIXTO                 RUA ANA SOARES BARCELOS ,355            VILA VENDITTI  07031070      GUARULHOSSP0000000000000000                                        000                            
7560001300027R 01000000000000000000000000000000000000000000000000130122024000000000000517                                                                                                              0000000000000000 000000000000  0         
7560001300028S 013                                                                                                                                                                                                                              
7560001300029P 010563100000020064454 000028958301011     10 224280911430000002012202400000000007420000000 02A02122024120122024000000000000024000000000000000000000000000000000000000000000000000000                         1000   090000000000 
7560001300030Q 011000053372620763LILIAN VALERIO MARTELLETO               RUA DOS FRANCESES ,498                  MORRO DOS INGLE01329010      SAO PAULOSP0000000000000000                                        000                            
7560001300031R 01000000000000000000000000000000000000000000000000120122024000000000001484                                                                                                              0000000000000000 000000000000  0         
7560001300032S 013                                                                                                                                                                                                                              
7560001300033P 010563100000020064454 000028959001011     10 223889012420000001512202400000000003672900000 02A02122024115122024000000000000012000000000000000000000000000000000000000000000000000000                         1000   090000000000 
7560001300034Q 011000017129471840LISANDRA MARQUES ALISEDA SEDRANI        RUA DOS FRANCESES ,498 APT 11           MORRO DOS INGLE01329010      SAO PAULOSP0000000000000000                                        000                            
7560001300035R 01000000000000000000000000000000000000000000000000115122024000000000000735                                                                                                              0000000000000000 000000000000  0         
7560001300036S 013                                                                                                                                                                                                                              
7560001300037P 010563100000020064454 000028960901011     10 224324838900000003012202400000000020401600000 02A02122024130122024000000000000067000000000000000000000000000000000000000000000000000000                         1000   090000000000 
7560001300038Q 011000011588248828MAURICIO MARTINELLI SILVA LUPERI        ALAMEDA FRANCA ,895                     JARDIM PAULISTA01422001      SAO PAULOSP0000000000000000                                        000                            
7560001300039R 01000000000000000000000000000000000000000000000000130122024000000000004080                                                                                                              0000000000000000 000000000000  0         
7560001300040S 013                                                                                                                                                                                                                              
7560001300041P 010563100000020064454 000028961601011     10 224330843500000003012202400000000003470500000 02A02122024130122024000000000000011000000000000000000000000000000000000000000000000000000                         1000   090000000000 
7560001300042Q 011000041970583819RICARDO FRANCESCHI FILHO                RUA DOUTOR MIGUEL NASSIF ,85            JARDIM ALVORADA17210520            JAUSP0000000000000000                                        000                            
7560001300043R 01000000000000000000000000000000000000000000000000130122024000000000000694                                                                                                              0000000000000000 000000000000  0         
7560001300044S 013                                                                                                                                                                                                                              
7560001300045P 010563100000020064454 000028962301011     10 223949013220000002012202400000000003428000000 02A02122024120122024000000000000011000000000000000000000000000000000000000000000000000000                         1000   090000000000 
7560001300046Q 011000000887279805THAIS FAE LAVAREDA DE SOUZA             RUA DOS HOLANDESES ,31 APT 51           MORRO DOS INGLE01329020      SAO PAULOSP0000000000000000                                        000                            
7560001300047R 01000000000000000000000000000000000000000000000000120122024000000000000686                                                                                                              0000000000000000 000000000000  0         
7560001300048S 013                                                                                                                                                                                                                              
7560001300049P 010563100000020064454 000028963001011     10 223950212820000003012202400000000004081000000 02A02122024130122024000000000000013000000000000000000000000000000000000000000000000000000                         1000   090000000000 
7560001300050Q 011000041725138832ULISSES TIAGO DO NASCIMENTO FIGUEIREDO GRUA DOS FRANCESES ,498                  MORRO DOS INGLE01329010      SAO PAULOSP0000000000000000                                        000                            
7560001300051R 01000000000000000000000000000000000000000000000000130122024000000000000816                                                                                                              0000000000000000 000000000000  0         
7560001300052S 013                                                                                                                                                                                                                              
75600015         00001300001300000000000658189000000000000000000000000000000000000000000000000000000000000000000000                                                                                                                             
75699999         000001000013000000                                                                                                                                                                                                             