75600000         219895217000135                    0563100000020064454 IWS CURSOS DE IDIOMAS LTDA    SICOOB                                  11610202413483100000108100000                                                                     
75600011R01  040 2019895217000135                    0563100000020064454 IWS CURSOS DE IDIOMAS LTDA                                                                                    000047841610202400000000                                 
7560001300001P 010563100000020064454 000028385101011     10 224376221080000003010202400000000002670000000 02A16102024130102024000000000000009000000000000000000000000000000000000000000000000000000                         1000   090000000000 
7560001300002Q 011000048444666823ALYSON VINICIUS FREITAS DOS SANTOS      RUA CATUIPE ,345                        CIDADE BRASIL  07052200      GUARULHOSSP0000000000000000                                        000                            
7560001300003R 01000000000000000000000000000000000000000000000000130102024000000000000534                                                                                                              0000000000000000 000000000000  0         
7560001300004S 013                                                                                                                                                                                                                              
7560001300005P 010563100000020064454 000028386901011     10 224377321080000003010202400000000000750000000 02A16102024130102024000000000000002000000000000000000000000000000000000000000000000000000                         1000   090000000000 
7560001300006Q 011000048444666823ALYSON VINICIUS FREITAS DOS SANTOS      RUA CATUIPE ,345                        CIDADE BRASIL  07052200      GUARULHOSSP0000000000000000                                        000                            
7560001300007R 01000000000000000000000000000000000000000000000000130102024000000000000150                                                                                                              0000000000000000 000000000000  0         
7560001300008S 013                                                                                                                                                                                                                              
7560001300009P 010563100000020064454 000028387601011     10 224261519500000003010202400000000002100000000 02A16102024130102024000000000000007000000000000000000000000000000000000000000000000000000                         1000   090000000000 
7560001300010Q 011000044237668843AMERICO RICARDO COUTINHO DIAS           RUA CABO JOAO TERUEL FREGONI ,307       PONTE GRANDE   07032000      GUARULHOSSP0000000000000000                                        000                            
7560001300011R 01000000000000000000000000000000000000000000000000130102024000000000000420                                                                                                              0000000000000000 000000000000  0         
7560001300012S 013                                                                                                                                                                                                                              
7560001300013P 010563100000020064454 000028388301011     10 223961818960000003010202400000000002544000000 02A16102024130102024000000000000008000000000000000000000000000000000000000000000000000000                         1000   090000000000 
7560001300014Q 011000013037278897NORMA SUELY COUTO SANTANA               AVENIDA BARTHOLOMEU DE CARLOS ,901      JARDIM FLOR DA 07097420      GUARULHOSSP0000000000000000                                        000                            
7560001300015R 01000000000000000000000000000000000000000000000000130102024000000000000509                                                                                                              0000000000000000 000000000000  0         
7560001300016S 013                                                                                                                                                                                                                              
7560001300017P 010563100000020064454 000028389001011     10 224375021070000003010202400000000002300000000 02A16102024130102024000000000000008000000000000000000000000000000000000000000000000000000                         1000   090000000000 
7560001300018Q 011000022943219878CINTIA REGINA DE FREITAS                ESTRADA DO SABAO ,1018                  JARDIM DORALY  07075270      GUARULHOSSP0000000000000000                                        000                            
7560001300019R 01000000000000000000000000000000000000000000000000130102024000000000000460                                                                                                              0000000000000000 000000000000  0         
7560001300020S 013                                                                                                                                                                                                                              
7560001300021P 010563100000020064454 000028390901011     10 224269919490000003010202400000000002100000000 02A16102024130102024000000000000007000000000000000000000000000000000000000000000000000000                         1000   090000000000 
7560001300022Q 011000045242750880CAMILA CARVALHO BARBOSA NEVES DIAS      RUA CABO JOAO TERUEL FREGONI ,307       PONTE GRANDE   07032000      GUARULHOSSP0000000000000000                                        000                            
7560001300023R 01000000000000000000000000000000000000000000000000130102024000000000000420                                                                                                              0000000000000000 000000000000  0         
7560001300024S 013                                                                                                                                                                                                                              
7560001300025P 010563100000020064454 000028391601011     10 224064170000000003010202400000000003370800000 02A16102024130102024000000000000011000000000000000000000000000000000000000000000000000000                         1000   090000000000 
7560001300026Q 011000021472802837DAYANE FEITOSA LIMA                     AVENIDA PRESIDENTE TANCREDO DE ALMEI,669MACEDO         07112070      GUARULHOSSP0000000000000000                                        000                            
7560001300027R 01000000000000000000000000000000000000000000000000130102024000000000000674                                                                                                              0000000000000000 000000000000  0         
7560001300028S 013                                                                                                                                                                                                                              
7560001300029P 010563100000020064454 000028392301011     10 223910414300000003110202400000000003850300000 02A16102024131102024000000000000013000000000000000000000000000000000000000000000000000000                         1000   090000000000 
7560001300030Q 011000041922650870DEBORA SIQUEIRA DA SILVA                RUA MATAHICHI MORIKYO ,150              JARDIM TOSCANA 07121350      GUARULHOSSP0000000000000000                                        000                            
7560001300031R 01000000000000000000000000000000000000000000000000131102024000000000000770                                                                                                              0000000000000000 000000000000  0         
7560001300032S 013                                                                                                                                                                                                                              
7560001300033P 010563100000020064454 000028393001011     10 224377821090000003010202400000000002300000000 02A16102024130102024000000000000008000000000000000000000000000000000000000000000000000000                         1000   090000000000 
7560001300034Q 011000029447536816JANAINE CIRILA SILVA                    RUA MARIA ZINTL ,297                    COCAIA         07121390      GUARULHOSSP0000000000000000                                        000                            
7560001300035R 01000000000000000000000000000000000000000000000000130102024000000000000460                                                                                                              0000000000000000 000000000000  0         
7560001300036S 013                                                                                                                                                                                                                              
7560001300037P 010563100000020064454 000028394801011     10 224301620740000003010202400000000007040000000 02A16102024130102024000000000000023000000000000000000000000000000000000000000000000000000                         1000   090000000000 
7560001300038Q 011000022974269842GRACIELLE DE SOUSA ANDRADE              AVENIDA TIRADENTES ,00                  JARDIM GUARULHO07090000      GUARULHOSSP0000000000000000                                        000                            
7560001300039R 01000000000000000000000000000000000000000000000000130102024000000000001408                                                                                                              0000000000000000 000000000000  0         
7560001300040S 013                                                                                                                                                                                                                              
7560001300041P 010563100000020064454 000028395501011     10 224385321140000003010202400000000002870000000 02A16102024130102024000000000000009000000000000000000000000000000000000000000000000000000                         1000   090000000000 
7560001300042Q 011000031906088810JEZABEL ROSA MORAES HOLANDA             TRAVESSA SAO FIDELIS ,140               VILA ROSALIA   07064032      GUARULHOSSP0000000000000000                                        000                            
7560001300043R 01000000000000000000000000000000000000000000000000130102024000000000000574                                                                                                              0000000000000000 000000000000  0         
7560001300044S 013                                                                                                                                                                                                                              
7560001300045P 010563100000020064454 000028396201011     10 223884018380000003110202400000000003500000000 02A16102024131102024000000000000012000000000000000000000000000000000000000000000000000000                         1000   090000000000 
7560001300046Q 011000042637520582JOSE LUCIANO TRANZILLO DOS SANTOS       RUA CABO JOAO TERUEL FREGONI ,307       PONTE GRANDE   07032000      GUARULHOSSP0000000000000000                                        000                            
7560001300047R 01000000000000000000000000000000000000000000000000131102024000000000000700                                                                                                              0000000000000000 000000000000  0         
7560001300048S 013                                                                                                                                                                                                                              
7560001300049P 010563100000020064454 000028397001011     10 224384021130000003010202400000000003870000000 02A16102024130102024000000000000013000000000000000000000000000000000000000000000000000000                         1000   090000000000 
7560001300050Q 011000042656568897LAYANA BRITO LIMA                       RUA ERNESTO DE CASTRO ,139              BRAS           03042010      SAO PAULOSP0000000000000000                                        000                            
7560001300051R 01000000000000000000000000000000000000000000000000130102024000000000000774                                                                                                              0000000000000000 000000000000  0         
7560001300052S 013                                                                                                                                                                                                                              
7560001300053P 010563100000020064454 000028398701011     10 224297120720000003010202400000000003432000000 02A16102024130102024000000000000011000000000000000000000000000000000000000000000000000000                         1000   090000000000 
7560001300054Q 011000010402298918LUIGI SILVA FILIPPETTO                  RUA BELA CINTRA ,1450                   CONSOLACAO     01415004      SAO PAULOSP0000000000000000                                        000                            
7560001300055R 01000000000000000000000000000000000000000000000000130102024000000000000686                                                                                                              0000000000000000 000000000000  0         
7560001300056S 013                                                                                                                                                                                                                              
7560001300057P 010563100000020064454 000028399401011     10 224357614480000003010202400000000002120000000 02A16102024130102024000000000000007000000000000000000000000000000000000000000000000000000                         1000   090000000000 
7560001300058Q 011000096218444600PATRICIA ALEXANDRINA DA SILVA MORAIS    RUA PRESIDENTE CASTELO BRANCO  ,137     CENTRO         37240000     LUMINARIASMG0000000000000000                                        000                            
7560001300059R 01000000000000000000000000000000000000000000000000130102024000000000000424                                                                                                              0000000000000000 000000000000  0         
7560001300060S 013                                                                                                                                                                                                                              
7560001300061P 010563100000020064454 000028400801011     10 224295920710000003010202400000000003432000000 02A16102024130102024000000000000011000000000000000000000000000000000000000000000000000000                         1000   090000000000 
7560001300062Q 011000005628080942RAPHAELA FILIPPETTO                     AVENIDA DOUTOR CARDOSO DE MELO ,841     VILA OLIMPIA   04548003      SAO PAULOSP0000000000000000                                        000                            
7560001300063R 01000000000000000000000000000000000000000000000000130102024000000000000686                                                                                                              0000000000000000 000000000000  0         
7560001300064S 013                                                                                                                                                                                                                              
7560001300065P 010563100000020064454 000028401501011     10 223947654200000003110202400000000003850300000 02A16102024131102024000000000000013000000000000000000000000000000000000000000000000000000                         1000   090000000000 
7560001300066Q 011000018743687830TANIA CORREA DA SILVA                   RUA IPIOBUNA ,207                       JARDIM CUMBICA 07240040      GUARULHOSSP0000000000000000                                        000                            
7560001300067R 01000000000000000000000000000000000000000000000000131102024000000000000770                                                                                                              0000000000000000 000000000000  0         
7560001300068S 013                                                                                                                                                                                                                              
75600015         00001700001700000000000520994000000000000000000000000000000000000000000000000000000000000000000000                                                                                                                             
75699999         000001000017000000                                                                                                                                                                                                             