75600000         219895217000135                    0563100000020064454 IWS CURSOS DE IDIOMAS LTDA    SICOOB                                  11312202422054700000108100000                                                                     
75600011R01  040 2019895217000135                    0563100000020064454 IWS CURSOS DE IDIOMAS LTDA                                                                                    000048401312202400000000                                 
7560001300001P 010563100000020064454 000029128701011     10 224263019340000001001202500000000003392000000 02A13122024110012025000000000000011000000000000000000000000000000000000000000000000000000                         1000   090000000000 
7560001300002Q 011000017533829808CLEBER ANTONIO CHINELETTO               RUA DOS FRANCESES ,498                  MORRO DOS INGLE01329010      SAO PAULOSP0000000000000000                                        000                            
7560001300003R 01000000000000000000000000000000000000000000000000110012025000000000000678                                                                                                              0000000000000000 000000000000  0         
7560001300004S 013                                                                                                                                                                                                                              
7560001300005P 010563100000020064454 000029129401011     10 224309314310000001001202500000000004325900000 02A13122024110012025000000000000014000000000000000000000000000000000000000000000000000000                         1000   090000000000 
7560001300006Q 011000017612949890ELISABETH NOGUEIRA MARTINS              RUA DOS FRANCESES ,498                  MORRO DOS INGLE01329010      SAO PAULOSP0000000000000000                                        000                            
7560001300007R 01000000000000000000000000000000000000000000000000110012025000000000000865                                                                                                              0000000000000000 000000000000  0         
7560001300008S 013                                                                                                                                                                                                                              
7560001300009P 010563100000020064454 000029130201011     10 224265414000000001001202500000000002809000000 02A13122024110012025000000000000009000000000000000000000000000000000000000000000000000000                         1000   090000000000 
7560001300010Q 011000048087608860BIANCA OLIVEIRA SILVA                   ALAMEDA JOAQUIM EUGENIO DE LIMA ,130    JARDIM PAULISTA01403000      SAO PAULOSP0000000000000000                                        000                            
7560001300011R 01000000000000000000000000000000000000000000000000110012025000000000000562                                                                                                              0000000000000000 000000000000  0         
7560001300012S 013                                                                                                                                                                                                                              
7560001300013P 010563100000020064454 000029131001011     10 223970513410000001001202500000000004081000000 02A13122024110012025000000000000013000000000000000000000000000000000000000000000000000000                         1000   090000000000 
7560001300014Q 011000017533829808CLEBER ANTONIO CHINELATO                RUA DOS FRANCESES ,498                  MORRO DOS INGLE01329010      SAO PAULOSP0000000000000000                                        000                            
7560001300015R 01000000000000000000000000000000000000000000000000110012025000000000000816                                                                                                              0000000000000000 000000000000  0         
7560001300016S 013                                                                                                                                                                                                                              
7560001300017P 010563100000020064454 000029132701011     10 223972913440000001001202500000000003672900000 02A13122024110012025000000000000012000000000000000000000000000000000000000000000000000000                         1000   090000000000 
7560001300018Q 011000017533829808CLEBER ANTONIO CHINELATO                RUA DOS FRANCESES ,498                  MORRO DOS INGLE01329010      SAO PAULOSP0000000000000000                                        000                            
7560001300019R 01000000000000000000000000000000000000000000000000110012025000000000000735                                                                                                              0000000000000000 000000000000  0         
7560001300020S 013                                                                                                                                                                                                                              
7560001300021P 010563100000020064454 000029133401011     10 224145869400000000501202500000000003815400000 02A13122024105012025000000000000013000000000000000000000000000000000000000000000000000000                         1000   090000000000 
7560001300022Q 011000036768656856CINTIA DEZASSO QUINI                    RUA ALMIRANTE MARQUES LEAO ,            BELA VISTA     01330010      SAO PAULOSP0000000000000000                                        000                            
7560001300023R 01000000000000000000000000000000000000000000000000105012025000000000000763                                                                                                              0000000000000000 000000000000  0         
7560001300024S 013                                                                                                                                                                                                                              
7560001300025P 010563100000020064454 000029134101011     10 224063212800000001001202500000000003090500000 02A13122024110012025000000000000010000000000000000000000000000000000000000000000000000000                         1000   090000000000 
7560001300026Q 011000098638726287DAN SHINKAI                             RUA CARMO DO RIO CLARO ,618             CAMBUCI        01541060      SAO PAULOSP0000000000000000                                        000                            
7560001300027R 01000000000000000000000000000000000000000000000000110012025000000000000618                                                                                                              0000000000000000 000000000000  0         
7560001300028S 013                                                                                                                                                                                                                              
7560001300029P 010563100000020064454 000029135901011     10 224275074800000001501202500000000003500000000 02A13122024115012025000000000000012000000000000000000000000000000000000000000000000000000                         1000   090000000000 
7560001300030Q 011000051097253813GABRIELA HIGA MONJAR SECKLER            RUA ALENCAR ARARIPE ,                   SACOMA         04253000      SAO PAULOSP0000000000000000                                        000                            
7560001300031R 01000000000000000000000000000000000000000000000000115012025000000000000700                                                                                                              0000000000000000 000000000000  0         
7560001300032S 013                                                                                                                                                                                                                              
7560001300033P 010563100000020064454 000029136601011     10 224316514130000000501202500000000003088600000 02A13122024105012025000000000000010000000000000000000000000000000000000000000000000000000                         1000   090000000000 
7560001300034Q 011000010760816654LAURA CRISTINA LIMA DINIZ               RUA ANTONIO DE BONIS ,273               VILA BUTANTA   05360210      SAO PAULOSP0000000000000000                                        000                            
7560001300035R 01000000000000000000000000000000000000000000000000105012025000000000000618                                                                                                              0000000000000000 000000000000  0         
7560001300036S 013                                                                                                                                                                                                                              
7560001300037P 010563100000020064454 000029137301011     10 224443012420000001501202500000000004325900000 02A13122024115012025000000000000014000000000000000000000000000000000000000000000000000000                         1000   090000000000 
7560001300038Q 011000017129471840LISANDRA MARQUES ALISEDA SEDRANI        RUA DOS FRANCESES ,498 APT 11           MORRO DOS INGLE01329010      SAO PAULOSP0000000000000000                                        000                            
7560001300039R 01000000000000000000000000000000000000000000000000115012025000000000000865                                                                                                              0000000000000000 000000000000  0         
7560001300040S 013                                                                                                                                                                                                                              
75600015         00001000001000000000000361012000000000000000000000000000000000000000000000000000000000000000000000                                                                                                                             
75699999         000001000010000000                                                                                                                                                                                                             