75600000         219895217000135                    0563100000020064454 IWS CURSOS DE IDIOMAS LTDA    SICOOB                                  11301202516503900000108100000                                                                     
75600011R01  040 2019895217000135                    0563100000020064454 IWS CURSOS DE IDIOMAS LTDA                                                                                    000048601301202500000000                                 
7560001300001P 010563100000020064454 000029303701011     10 224139848000000003001202500000000003146100000 02A13012025130012025000000000000010000000000000000000000000000000000000000000000000000000                         1000   090000000000 
7560001300002Q 011000041970584890ANA VITORIA ROLIM FRANCESCHI            RUA DOS FRANCESES ,498                  MORRO DOS INGLE01329010      SAO PAULOSP0000000000000000                                        000                            
7560001300003R 01000000000000000000000000000000000000000000000000130012025000000000000629                                                                                                              0000000000000000 000000000000  0         
7560001300004S 013                                                                                                                                                                                                                              
7560001300005P 010563100000020064454 000029304401011     10 223990912770000002501202500000000003672900000 02A13012025125012025000000000000012000000000000000000000000000000000000000000000000000000                         1000   090000000000 
7560001300006Q 011000054691277889GABRIEL NOGUEIRA MARTINS ALVARENGA      RUA DOS FRANCESES ,498                  MORRO DOS INGLE01329010      SAO PAULOSP0000000000000000                                        000                            
7560001300007R 01000000000000000000000000000000000000000000000000125012025000000000000735                                                                                                              0000000000000000 000000000000  0         
7560001300008S 013                                                                                                                                                                                                                              
7560001300009P 010563100000020064454 000029305101011     10 224311717860000003001202500000000003932600000 02A13012025130012025000000000000013000000000000000000000000000000000000000000000000000000                         1000   090000000000 
7560001300010Q 011000018874492804DANIELA DE SIQUEIRA AUDRA.              ALAMEDA JOAQUIM EUGENIO DE LIMA ,130    JARDIM PAULISTA01403000      SAO PAULOSP0000000000000000                                        000                            
7560001300011R 01000000000000000000000000000000000000000000000000130012025000000000000787                                                                                                              0000000000000000 000000000000  0         
7560001300012S 013                                                                                                                                                                                                                              
7560001300013P 010563100000020064454 000029306901011     10 224209332300000003001202500000000002587200000 02A13012025130012025000000000000009000000000000000000000000000000000000000000000000000000                         1000   090000000000 
7560001300014Q 011000004471029908LEANDRO AUGUSTO CALIXTO                 RUA ANA SOARES BARCELOS ,355            VILA VENDITTI  07031070      GUARULHOSSP0000000000000000                                        000                            
7560001300015R 01000000000000000000000000000000000000000000000000130012025000000000000517                                                                                                              0000000000000000 000000000000  0         
7560001300016S 013                                                                                                                                                                                                                              
7560001300017P 010563100000020064454 000029307601011     10 224324938900000003001202500000000020401600000 02A13012025130012025000000000000067000000000000000000000000000000000000000000000000000000                         1000   090000000000 
7560001300018Q 011000011588248828MAURICIO MARTINELLI SILVA LUPERI        ALAMEDA FRANCA ,895                     JARDIM PAULISTA01422001      SAO PAULOSP0000000000000000                                        000                            
7560001300019R 01000000000000000000000000000000000000000000000000130012025000000000004080                                                                                                              0000000000000000 000000000000  0         
7560001300020S 013                                                                                                                                                                                                                              
7560001300021P 010563100000020064454 000029308301011     10 224330943500000003001202500000000003470500000 02A13012025130012025000000000000011000000000000000000000000000000000000000000000000000000                         1000   090000000000 
7560001300022Q 011000041970583819RICARDO FRANCESCHI FILHO                RUA DOUTOR MIGUEL NASSIF ,85            JARDIM ALVORADA17210520            JAUSP0000000000000000                                        000                            
7560001300023R 01000000000000000000000000000000000000000000000000130012025000000000000694                                                                                                              0000000000000000 000000000000  0         
7560001300024S 013                                                                                                                                                                                                                              
7560001300025P 010563100000020064454 000029309001011     10 223950312820000003001202500000000004081000000 02A13012025130012025000000000000013000000000000000000000000000000000000000000000000000000                         1000   090000000000 
7560001300026Q 011000041725138832ULISSES TIAGO DO NASCIMENTO FIGUEIREDO GRUA DOS FRANCESES ,498                  MORRO DOS INGLE01329010      SAO PAULOSP0000000000000000                                        000                            
7560001300027R 01000000000000000000000000000000000000000000000000130012025000000000000816                                                                                                              0000000000000000 000000000000  0         
7560001300028S 013                                                                                                                                                                                                                              
75600015         00000700000700000000000412919000000000000000000000000000000000000000000000000000000000000000000000                                                                                                                             
75699999         000001000007000000                                                                                                                                                                                                             