75600000         232970660000191                    0563100000020098014 EDUULMC CURSOS DE IDIOMAS EIRESICOOB                                  12208202409110400000108100000                                                                     
75600011R01  040 2032970660000191                    0563100000020098014 EDUULMC CURSOS DE IDIOMAS EIRE                                                                                000047082208202400000000                                 
7560001300001P 010563100000020098014 000027793901011     10 224378921010000000509202400000000002830200000 02A22082024105092024000000000000009000000000000000000000000000000000000000000000000000000                         1000   090000000000 
7560001300002Q 011000047117018852VICTOR TORRES GONZAGA                   RUA ALFREDO VOLPI ,89                   CERCADO GRANDE 06804130     ADAMANTINASP0000000000000000                                        000                            
7560001300003R 01000000000000000000000000000000000000000000000000105092024000000000000566                                                                                                              0000000000000000 000000000000  0         
7560001300004S 013                                                                                                                                                                                                                              
75600015         00000100000100000000000028302000000000000000000000000000000000000000000000000000000000000000000000                                                                                                                             
75699999         000001000001000000                                                                                                                                                                                                             