75600000         219895217000135                    0563100000020064454 IWS CURSOS DE IDIOMAS LTDA    SICOOB                                  10508202413301400000108100000                                                                     
75600011R01  040 2019895217000135                    0563100000020064454 IWS CURSOS DE IDIOMAS LTDA                                                                                    000046780508202400000000                                 
7560001300001P 010563100000020064454 000027621701011     10 224354717320000001008202400000000001500000000 02A05082024110082024000000000000005000000000000000000000000000000000000000000000000000000                         1000   090000000000 
7560001300002Q 011000029326213862ANA CLAUDIA TASSI AMANCIO               RUA DIADEMA  ,367                       VILA ROSALIA   00000000      GUARULHOSSP0000000000000000                                        000                            
7560001300003R 01000000000000000000000000000000000000000000000000110082024000000000000300                                                                                                              0000000000000000 000000000000  0         
7560001300004S 013                                                                                                                                                                                                                              
75600015         00000100000100000000000015000000000000000000000000000000000000000000000000000000000000000000000000                                                                                                                             
75699999         000001000001000000                                                                                                                                                                                                             