75600000         219895217000135                    0563100000020064454 IWS CURSOS DE IDIOMAS LTDA    SICOOB                                  12106202408595700000108100000                                                                     
75600011R01  040 2019895217000135                    0563100000020064454 IWS CURSOS DE IDIOMAS LTDA                                                                                    000046112106202400000000                                 
7560001300001P 010563100000020064454 000027139001011     10 223904184000000000507202400000000002332000000 02A21062024105072024000000000000008000000000000000000000000000000000000000000000000000000                         1000   090000000000 
7560001300002Q 011000015257641879CARLOS ALEXANDRE RIBEIRINHO             AVENIDA DO GUACA ,859                   LAUZANE PAULIST02435001      SAO PAULOSP0000000000000000                                        000                            
7560001300003R 01000000000000000000000000000000000000000000000000105072024000000000000466                                                                                                              0000000000000000 000000000000  0         
7560001300004S 013                                                                                                                                                                                                                              
7560001300005P 010563100000020064454 000027140801011     10 224245015320000000507202400000000003710000000 02A21062024105072024000000000000012000000000000000000000000000000000000000000000000000000                         1000   090000000000 
7560001300006Q 011000015257641879CARLOS ALEXANDRE RIBEIRINHO             AVENIDA DO GUACA ,                      LAUZANE PAULIST02435001      SAO PAULOSP0000000000000000                                        000                            
7560001300007R 01000000000000000000000000000000000000000000000000105072024000000000000742                                                                                                              0000000000000000 000000000000  0         
7560001300008S 013                                                                                                                                                                                                                              
75600015         00000200000200000000000060420000000000000000000000000000000000000000000000000000000000000000000000                                                                                                                             
75699999         000001000002000000                                                                                                                                                                                                             