75600000         219895217000135                    0563100000020064454 IWS CURSOS DE IDIOMAS LTDA    SICOOB                                  10602202516270000000108100000                                                                     
75600011R01  040 2019895217000135                    0563100000020064454 IWS CURSOS DE IDIOMAS LTDA                                                                                    000048980602202500000000                                 
7560001300001P 010563100000020064454 000029532401011     10 224308211630000002002202500000000003707900000 02A06022025120022025000000000000012000000000000000000000000000000000000000000000000000000                         1000   090000000000 
7560001300002Q 011000047950320842ANA CLARA DE SOUZA RODRIGUES            RUA ENDRES ,973                         VILA DAS BANDEI07043000      GUARULHOSSP0000000000000000                                        000                            
7560001300003R 01000000000000000000000000000000000000000000000000120022025000000000000742                                                                                                              0000000000000000 000000000000  0         
7560001300004S 013                                                                                                                                                                                                                              
7560001300005P 010563100000020064454 000029533101011     10 224455621520000002002202500000000002470000000 02A06022025120022025000000000000008000000000000000000000000000000000000000000000000000000                         1000   090000000000 
7560001300006Q 011000041774955814CAIRE GUIMARAES                         AVENIDA PRESIDENTE HUMBERTO DE ALEN,2495VILA LEONOR    07024170      GUARULHOSSP0000000000000000                                        000                            
7560001300007R 01000000000000000000000000000000000000000000000000120022025000000000000494                                                                                                              0000000000000000 000000000000  0         
7560001300008S 013                                                                                                                                                                                                                              
7560001300009P 010563100000020064454 000029534901011     10 224472219830000002002202500000000002650000000 02A06022025120022025000000000000009000000000000000000000000000000000000000000000000000000                         1000   090000000000 
7560001300010Q 011000044504887843CAMILA SILVA BARCELOS                   RUA UNIAO ,36                           VALE DOS MACHAD07082660      GUARULHOSSP0000000000000000                                        000                            
7560001300011R 01000000000000000000000000000000000000000000000000120022025000000000000530                                                                                                              0000000000000000 000000000000  0         
7560001300012S 013                                                                                                                                                                                                                              
7560001300013P 010563100000020064454 000029535601011     10 224480620150000002002202500000000002109400000 02A06022025120022025000000000000007000000000000000000000000000000000000000000000000000000                         1000   090000000000 
7560001300014Q 011000018352738828SILVIA CRISTINA DE SOUZA                AVENIDA ROTARY ,680                     VILA DAS BANDEI07042000      GUARULHOSSP0000000000000000                                        000                            
7560001300015R 01000000000000000000000000000000000000000000000000120022025000000000000422                                                                                                              0000000000000000 000000000000  0         
7560001300016S 013                                                                                                                                                                                                                              
7560001300017P 010563100000020064454 000029536301011     10 223983818430000002002202500000000001908000000 02A06022025120022025000000000000006000000000000000000000000000000000000000000000000000000                         1000   090000000000 
7560001300018Q 011000021895277833ERIC HENRIQUE VASCONCELLOS SANTOS       RUA CONEGO VALADAO ,161                 GOPOUVA        07040000      GUARULHOSSP0000000000000000                                        000                            
7560001300019R 01000000000000000000000000000000000000000000000000120022025000000000000382                                                                                                              0000000000000000 000000000000  0         
7560001300020S 013                                                                                                                                                                                                                              
7560001300021P 010563100000020064454 000029537001011     10 223985018940000002002202500000000002544000000 02A06022025120022025000000000000008000000000000000000000000000000000000000000000000000000                         1000   090000000000 
7560001300022Q 011000032198572800EVANDRO CARDOSO SOUZA                   RUA SANTA IZABEL ,329                   VILA AUGUSTA   07023022      GUARULHOSSP0000000000000000                                        000                            
7560001300023R 01000000000000000000000000000000000000000000000000120022025000000000000509                                                                                                              0000000000000000 000000000000  0         
7560001300024S 013                                                                                                                                                                                                                              
7560001300025P 010563100000020064454 000029538801011     10 223986218940000002002202500000000002544000000 02A06022025120022025000000000000008000000000000000000000000000000000000000000000000000000                         1000   090000000000 
7560001300026Q 011000032198572800EVANDRO CARDOSO SOUZA                   RUA SANTA IZABEL ,329                   VILA AUGUSTA   07023022      GUARULHOSSP0000000000000000                                        000                            
7560001300027R 01000000000000000000000000000000000000000000000000120022025000000000000509                                                                                                              0000000000000000 000000000000  0         
7560001300028S 013                                                                                                                                                                                                                              
7560001300029P 010563100000020064454 000029539501011     10 224271515580000002002202500000000003089900000 02A06022025120022025000000000000010000000000000000000000000000000000000000000000000000000                         1000   090000000000 
7560001300030Q 011000029368330867FABIO JURCZYSZYN                        AVENIDA MARIA ESTELA ,197               JARDIM MARIA ES04180010      SAO PAULOSP0000000000000000                                        000                            
7560001300031R 01000000000000000000000000000000000000000000000000120022025000000000000618                                                                                                              0000000000000000 000000000000  0         
7560001300032S 013                                                                                                                                                                                                                              
7560001300033P 010563100000020064454 000029540301011     10 223987418470000002002202500000000002056400000 02A06022025120022025000000000000007000000000000000000000000000000000000000000000000000000                         1000   090000000000 
7560001300034Q 011000021895277833ERIC HENRIQUE VASCONCELLOS SANTOS       RUA CONEGO VALADAO ,161                 GOPOUVA        07040000      GUARULHOSSP0000000000000000                                        000                            
7560001300035R 01000000000000000000000000000000000000000000000000120022025000000000000411                                                                                                              0000000000000000 000000000000  0         
7560001300036S 013                                                                                                                                                                                                                              
7560001300037P 010563100000020064454 000029541001011     10 224001814760000002002202500000000003150000000 02A06022025120022025000000000000010000000000000000000000000000000000000000000000000000000                         1000   090000000000 
7560001300038Q 011000043062398884KARINE ARAUJO DOS ANJOS                 RUA DONA ANTONIA ,269                   VILA DAS PALMEI07021000      GUARULHOSSP0000000000000000                                        000                            
7560001300039R 01000000000000000000000000000000000000000000000000120022025000000000000630                                                                                                              0000000000000000 000000000000  0         
7560001300040S 013                                                                                                                                                                                                                              
7560001300041P 010563100000020064454 000029542801011     10 224317819590000002002202500000000006360000000 02A06022025120022025000000000000021000000000000000000000000000000000000000000000000000000                         1000   090000000000 
7560001300042Q 011000027789099825DANIELA COLAPIETRO RODRIGUES            RUA CECILIA RODRIGUES SIQUEIRA ,        JARDIM CIDADE U58051830    JOAO PESSOAPB0000000000000000                                        000                            
7560001300043R 01000000000000000000000000000000000000000000000000120022025000000000001272                                                                                                              0000000000000000 000000000000  0         
7560001300044S 013                                                                                                                                                                                                                              
7560001300045P 010563100000020064454 000029543501011     10 224625021710000002002202500000000002870000000 02A06022025120022025000000000000009000000000000000000000000000000000000000000000000000000                         1000   090000000000 
7560001300046Q 011000054651931820LORRAINE FERNANDES                      AVENIDA ANDRE LUIZ ,423                 PICANCO        07082050      GUARULHOSSP0000000000000000                                        000                            
7560001300047R 01000000000000000000000000000000000000000000000000120022025000000000000574                                                                                                              0000000000000000 000000000000  0         
7560001300048S 013                                                                                                                                                                                                                              
7560001300049P 010563100000020064454 000029544201011     10 224284735400000002002202500000000002699300000 02A06022025120022025000000000000009000000000000000000000000000000000000000000000000000000                         1000   090000000000 
7560001300050Q 011000021920881832MARCELO DA SILVA FREIRE                 RUA CONSUL ORESTES CORREA ,383          MACEDO         07197040      GUARULHOSSP0000000000000000                                        000                            
7560001300051R 01000000000000000000000000000000000000000000000000120022025000000000000540                                                                                                              0000000000000000 000000000000  0         
7560001300052S 013                                                                                                                                                                                                                              
7560001300053P 010563100000020064454 000029545001011     10 224007816170000002002202500000000002320300000 02A06022025120022025000000000000008000000000000000000000000000000000000000000000000000000                         1000   090000000000 
7560001300054Q 011000025095916819EDUARDO ALMEIDA ALENCAR ARRAIS          RUA MIGUEL BIONDI ,82                   JARDIM ALIANCA 07060080      GUARULHOSSP0000000000000000                                        000                            
7560001300055R 01000000000000000000000000000000000000000000000000120022025000000000000464                                                                                                              0000000000000000 000000000000  0         
7560001300056S 013                                                                                                                                                                                                                              
7560001300057P 010563100000020064454 000029546701011     10 224509437600000002002202500000000005300000000 02A06022025120022025000000000000017000000000000000000000000000000000000000000000000000000                         1000   090000000000 
7560001300058Q 011000031073432858MARIA ISABEL OLIVEIRA HAYASHI           RUA ANTONIO GOMES ,132                  VILA SANTO ANTO07093090      GUARULHOSSP0000000000000000                                        000                            
7560001300059R 01000000000000000000000000000000000000000000000000120022025000000000001060                                                                                                              0000000000000000 000000000000  0         
7560001300060S 013                                                                                                                                                                                                                              
7560001300061P 010563100000020064454 000029547401011     10 224432921350000002002202500000000006960000000 02A06022025120022025000000000000023000000000000000000000000000000000000000000000000000000                         1000   090000000000 
7560001300062Q 011000042363400895MARIA TEREZA BORATTO BARBOSA            RUA MANDURI ,256                        JARDIM PARAISO 09190280    SANTO ANDRESP0000000000000000                                        000                            
7560001300063R 01000000000000000000000000000000000000000000000000120022025000000000001392                                                                                                              0000000000000000 000000000000  0         
7560001300064S 013                                                                                                                                                                                                                              
7560001300065P 010563100000020064454 000029548101011     10 224182820360000002002202500000000002870000000 02A06022025120022025000000000000009000000000000000000000000000000000000000000000000000000                         1000   090000000000 
7560001300066Q 011000036613110850NATALIA APARECIDA DE PAULA RIBEIRO      RUA ENDRES ,325                         VILA DAS BANDEI07043000      GUARULHOSSP0000000000000000                                        000                            
7560001300067R 01000000000000000000000000000000000000000000000000120022025000000000000574                                                                                                              0000000000000000 000000000000  0         
7560001300068S 013                                                                                                                                                                                                                              
7560001300069P 010563100000020064454 000029549901011     10 224403257200000002002202500000000003932600000 02A06022025120022025000000000000013000000000000000000000000000000000000000000000000000000                         1000   090000000000 
7560001300070Q 011000026425715804WALQUIRIA BATISTA DA SILVA              RUA AFONSO CUNHA ,1352                  JARDIM CUMBICA 07240370      GUARULHOSSP0000000000000000                                        000                            
7560001300071R 01000000000000000000000000000000000000000000000000120022025000000000000787                                                                                                              0000000000000000 000000000000  0         
7560001300072S 013                                                                                                                                                                                                                              
7560001300073P 010563100000020064454 000029550701011     10 224370921030000002002202500000000002670000000 02A06022025120022025000000000000009000000000000000000000000000000000000000000000000000000                         1000   090000000000 
7560001300074Q 011000054195109876WANESSA MORAES                          AVENIDA DAS MARGARIDAS ,55              CIDADE SOBERANA07161460      GUARULHOSSP0000000000000000                                        000                            
7560001300075R 01000000000000000000000000000000000000000000000000120022025000000000000534                                                                                                              0000000000000000 000000000000  0         
7560001300076S 013                                                                                                                                                                                                                              
75600015         00001900001900000000000622118000000000000000000000000000000000000000000000000000000000000000000000                                                                                                                             
75699999         000001000019000000                                                                                                                                                                                                             