75600000         232970660000191                    0563100000020098014 EDUULMC CURSOS DE IDIOMAS EIRESICOOB                                  11610202413115700000108100000                                                                     
75600011R01  040 2032970660000191                    0563100000020098014 EDUULMC CURSOS DE IDIOMAS EIRE                                                                                000047821610202400000000                                 
7560001300001P 010563100000020098014 000028381201011     10 224430921400000002010202400000000004501200000 02A16102024120102024000000000000015000000000000000000000000000000000000000000000000000000                         1000   090000000000 
7560001300002Q 011000035766868863FELIPE ALVES DE SOUSA                   RUA ANTENOR DE SOUZA MELO ,454          JARDIM MARICA  08775370MOGI DAS CRUZESSP0000000000000000                                        000                            
7560001300003R 01000000000000000000000000000000000000000000000000120102024000000000000900                                                                                                              0000000000000000 000000000000  0         
7560001300004S 013                                                                                                                                                                                                                              
7560001300005P 010563100000020098014 000028382001011     10 224432121340000001610202400000000000500000000 02A16102024116102024000000000000002000000000000000000000000000000000000000000000000000000                         1000   090000000000 
7560001300006Q 011000036630642805VITOR SANT ANNA MOREIRA                 CONDOMINIO JARDIM DOS GERANIOS ,154     JARDIM DOS GERA14022300 RIBEIRAO PRETOSP0000000000000000                                        000                            
7560001300007R 01000000000000000000000000000000000000000000000000116102024000000000000100                                                                                                              0000000000000000 000000000000  0         
7560001300008S 013                                                                                                                                                                                                                              
75600015         00000200000200000000000050012000000000000000000000000000000000000000000000000000000000000000000000                                                                                                                             
75699999         000001000002000000                                                                                                                                                                                                             