75600000         219895217000135                    0563100000020064454 IWS CURSOS DE IDIOMAS LTDA    SICOOB                                  12509202409005200000108100000                                                                     
75600011R01  040 2019895217000135                    0563100000020064454 IWS CURSOS DE IDIOMAS LTDA                                                                                    000047542509202400000000                                 
7560001300001P 010563100000020064454 000028175401011     10 224262719340000001010202400000000003392000000 02A25092024110102024000000000000011000000000000000000000000000000000000000000000000000000                         1000   090000000000 
7560001300002Q 011000031689196831ANDREIA APARECIDA LIMA DA CRUZ          RUA CARLOS FACCHINA ,272                AMERICANOPOLIS 04427020      SAO PAULOSP0000000000000000                                        000                            
7560001300003R 01000000000000000000000000000000000000000000000000110102024000000000000678                                                                                                              0000000000000000 000000000000  0         
7560001300004S 013                                                                                                                                                                                                                              
7560001300005P 010563100000020064454 000028176101011     10 224309014310000001010202400000000004325900000 02A25092024110102024000000000000014000000000000000000000000000000000000000000000000000000                         1000   090000000000 
7560001300006Q 011000017612949890ELISABETH NOGUEIRA MARTINS              RUA DOS FRANCESES ,498                  MORRO DOS INGLE01329010      SAO PAULOSP0000000000000000                                        000                            
7560001300007R 01000000000000000000000000000000000000000000000000110102024000000000000865                                                                                                              0000000000000000 000000000000  0         
7560001300008S 013                                                                                                                                                                                                                              
7560001300009P 010563100000020064454 000028177901011     10 224391914310000001010202400000000001500000000 02A25092024110102024000000000000005000000000000000000000000000000000000000000000000000000                         1000   090000000000 
7560001300010Q 011000017612949890ELISABETH NOGUEIRA MARTINS              RUA DOS FRANCESES ,498                  MORRO DOS INGLE01329010      SAO PAULOSP0000000000000000                                        000                            
7560001300011R 01000000000000000000000000000000000000000000000000110102024000000000000300                                                                                                              0000000000000000 000000000000  0         
7560001300012S 013                                                                                                                                                                                                                              
7560001300013P 010563100000020064454 000028178601011     10 224265114000000001010202400000000002809000000 02A25092024110102024000000000000009000000000000000000000000000000000000000000000000000000                         1000   090000000000 
7560001300014Q 011000048087608860BIANCA OLIVEIRA SILVA                   ALAMEDA JOAQUIM EUGENIO DE LIMA ,130    JARDIM PAULISTA01403000      SAO PAULOSP0000000000000000                                        000                            
7560001300015R 01000000000000000000000000000000000000000000000000110102024000000000000562                                                                                                              0000000000000000 000000000000  0         
7560001300016S 013                                                                                                                                                                                                                              
7560001300017P 010563100000020064454 000028179301011     10 223970213410000001010202400000000004081000000 02A25092024110102024000000000000013000000000000000000000000000000000000000000000000000000                         1000   090000000000 
7560001300018Q 011000017533829808CLEBER ANTONIO CHINELATO                RUA DOS FRANCESES ,498                  MORRO DOS INGLE01329010      SAO PAULOSP0000000000000000                                        000                            
7560001300019R 01000000000000000000000000000000000000000000000000110102024000000000000816                                                                                                              0000000000000000 000000000000  0         
7560001300020S 013                                                                                                                                                                                                                              
7560001300021P 010563100000020064454 000028180101011     10 223972613440000001010202400000000003672900000 02A25092024110102024000000000000012000000000000000000000000000000000000000000000000000000                         1000   090000000000 
7560001300022Q 011000017533829808CLEBER ANTONIO CHINELATO                RUA DOS FRANCESES ,498                  MORRO DOS INGLE01329010      SAO PAULOSP0000000000000000                                        000                            
7560001300023R 01000000000000000000000000000000000000000000000000110102024000000000000735                                                                                                              0000000000000000 000000000000  0         
7560001300024S 013                                                                                                                                                                                                                              
7560001300025P 010563100000020064454 000028181901011     10 224062912800000001010202400000000003090500000 02A25092024110102024000000000000010000000000000000000000000000000000000000000000000000000                         1000   090000000000 
7560001300026Q 011000098638726287DAN SHINKAI                             RUA CARMO DO RIO CLARO ,618             CAMBUCI        01541060      SAO PAULOSP0000000000000000                                        000                            
7560001300027R 01000000000000000000000000000000000000000000000000110102024000000000000618                                                                                                              0000000000000000 000000000000  0         
7560001300028S 013                                                                                                                                                                                                                              
75600015         00000700000700000000000228713000000000000000000000000000000000000000000000000000000000000000000000                                                                                                                             
75699999         000001000007000000                                                                                                                                                                                                             