75600000         219895217000135                    0563100000020064454 IWS CURSOS DE IDIOMAS LTDA    SICOOB                                  10103202313460700000108100000                                                                     
75600011R01  040 2019895217000135                    0563100000020064454 IWS CURSOS DE IDIOMAS LTDA                                                                                    000039630103202300000000                                 
7560001300001P 010563100000020064454 000021887101011     10 223594411350000000603202300000000002500000000 02A01032023106032023000000000000008000000000000000000000000000000000000000000000000000000                         1000   090000000000 
7560001300002Q 011000001516610733KEYLA CRISTINA CASSARO GUIDONI          RUA DOS FRANCESES ,498                  MORRO DOS INGLE01329010      SAO PAULOSP0000000000000000                                        000                            
7560001300003R 01000000000000000000000000000000000000000000000000106032023000000000000500                                                                                                              0000000000000000 000000000000  0         
7560001300004S 013                                                                                                                                                                                                                              
75600015         00000100000100000000000025000000000000000000000000000000000000000000000000000000000000000000000000                                                                                                                             
75699999         000001000001000000                                                                                                                                                                                                             