75600000         219895217000135                    0563100000020064454 IWS CURSOS DE IDIOMAS LTDA    SICOOB                                  11610202413490400000108100000                                                                     
75600011R01  040 2019895217000135                    0563100000020064454 IWS CURSOS DE IDIOMAS LTDA                                                                                    000047851610202400000000                                 
7560001300001P 010563100000020064454 000028402201011     10 224139548000000003010202400000000003146100000 02A16102024130102024000000000000010000000000000000000000000000000000000000000000000000000                         1000   090000000000 
7560001300002Q 011000041970584890ANA VITORIA ROLIM FRANCESCHI            RUA DOS FRANCESES ,498                  MORRO DOS INGLE01329010      SAO PAULOSP0000000000000000                                        000                            
7560001300003R 01000000000000000000000000000000000000000000000000130102024000000000000629                                                                                                              0000000000000000 000000000000  0         
7560001300004S 013                                                                                                                                                                                                                              
7560001300005P 010563100000020064454 000028403001011     10 224311417860000003010202400000000003932600000 02A16102024130102024000000000000013000000000000000000000000000000000000000000000000000000                         1000   090000000000 
7560001300006Q 011000018874492804DANIELA DE SIQUEIRA AUDRA.              ALAMEDA JOAQUIM EUGENIO DE LIMA ,130    JARDIM PAULISTA01403000      SAO PAULOSP0000000000000000                                        000                            
7560001300007R 01000000000000000000000000000000000000000000000000130102024000000000000787                                                                                                              0000000000000000 000000000000  0         
7560001300008S 013                                                                                                                                                                                                                              
7560001300009P 010563100000020064454 000028404701011     10 224209032300000003010202400000000002587200000 02A16102024130102024000000000000009000000000000000000000000000000000000000000000000000000                         1000   090000000000 
7560001300010Q 011000004471029908LEANDRO AUGUSTO CALIXTO                 RUA ANA SOARES BARCELOS ,355            VILA VENDITTI  07031070      GUARULHOSSP0000000000000000                                        000                            
7560001300011R 01000000000000000000000000000000000000000000000000130102024000000000000517                                                                                                              0000000000000000 000000000000  0         
7560001300012S 013                                                                                                                                                                                                                              
7560001300013P 010563100000020064454 000028405401011     10 224324638900000003010202400000000020401600000 02A16102024130102024000000000000067000000000000000000000000000000000000000000000000000000                         1000   090000000000 
7560001300014Q 011000011588248828MAURICIO MARTINELLI SILVA LUPERI        ALAMEDA FRANCA ,895                     JARDIM PAULISTA01422001      SAO PAULOSP0000000000000000                                        000                            
7560001300015R 01000000000000000000000000000000000000000000000000130102024000000000004080                                                                                                              0000000000000000 000000000000  0         
7560001300016S 013                                                                                                                                                                                                                              
7560001300017P 010563100000020064454 000028406101011     10 224330643500000003010202400000000003470500000 02A16102024130102024000000000000011000000000000000000000000000000000000000000000000000000                         1000   090000000000 
7560001300018Q 011000041970583819RICARDO FRANCESCHI FILHO                RUA DOUTOR MIGUEL NASSIF ,85            JARDIM ALVORADA17210520            JAUSP0000000000000000                                        000                            
7560001300019R 01000000000000000000000000000000000000000000000000130102024000000000000694                                                                                                              0000000000000000 000000000000  0         
7560001300020S 013                                                                                                                                                                                                                              
7560001300021P 010563100000020064454 000028407901011     10 223950012820000003010202400000000004081000000 02A16102024130102024000000000000013000000000000000000000000000000000000000000000000000000                         1000   090000000000 
7560001300022Q 011000041725138832ULISSES TIAGO DO NASCIMENTO FIGUEIREDO GRUA DOS FRANCESES ,498                  MORRO DOS INGLE01329010      SAO PAULOSP0000000000000000                                        000                            
7560001300023R 01000000000000000000000000000000000000000000000000130102024000000000000816                                                                                                              0000000000000000 000000000000  0         
7560001300024S 013                                                                                                                                                                                                                              
75600015         00000600000600000000000376190000000000000000000000000000000000000000000000000000000000000000000000                                                                                                                             
75699999         000001000006000000                                                                                                                                                                                                             