75600000         229492820000120                    0563100000020087306 ANEXA IDIOMAS LTDA            SICOOB                                  10602202516274600000108100000                                                                     
75600011R01  040 2029492820000120                    0563100000020087306 ANEXA IDIOMAS LTDA                                                                                            000049000602202500000000                                 
7560001300001P 010563100000020087306 000029554301011     10 224394883200000002102202500000000007712300000 02A06022025121022025000000000000025000000000000000000000000000000000000000000000000000000                         1000   090000000000 
7560001300002Q 011000017042999851AURORA CRISTINA DOMINGOS                RUA ANTONIO FELIPE ,1540                CENTRO         87704030      PARANAVAIPR0000000000000000                                        000                            
7560001300003R 01000000000000000000000000000000000000000000000000121022025000000000001542                                                                                                              0000000000000000 000000000000  0         
7560001300004S 013                                                                                                                                                                                                                              
7560001300005P 010563100000020087306 000029555001011     10 224193520430000002002202500000000002830000000 02A06022025120022025000000000000009000000000000000000000000000000000000000000000000000000                         1000   090000000000 
7560001300006Q 011000026257486807ELIANA SOUSA DE OLIVEIRA                RUA ADEMIR DE MENEZES ,120              PLANALTO       09896130SAO BERNARDO DOSP0000000000000000                                        000                            
7560001300007R 01000000000000000000000000000000000000000000000000120022025000000000000566                                                                                                              0000000000000000 000000000000  0         
7560001300008S 013                                                                                                                                                                                                                              
7560001300009P 010563100000020087306 000029556801011     10 224667521790000002002202500000000002830000000 02A06022025120022025000000000000009000000000000000000000000000000000000000000000000000000                         1000   090000000000 
7560001300010Q 011000035083275821DEBORA DE CASSIA CORREA DA SILVA        RUA ADOLFO BASTOS ,990                  VILA BASTOS    09041000    SANTO ANDRESP0000000000000000                                        000                            
7560001300011R 01000000000000000000000000000000000000000000000000120022025000000000000566                                                                                                              0000000000000000 000000000000  0         
7560001300012S 013                                                                                                                                                                                                                              
7560001300013P 010563100000020087306 000029557501011     10 224668921790000002002202500000000001350000000 02A06022025120022025000000000000004000000000000000000000000000000000000000000000000000000                         1000   090000000000 
7560001300014Q 011000035083275821DEBORA DE CASSIA CORREA DA SILVA        RUA ADOLFO BASTOS ,990                  VILA BASTOS    09041000    SANTO ANDRESP0000000000000000                                        000                            
7560001300015R 01000000000000000000000000000000000000000000000000120022025000000000000270                                                                                                              0000000000000000 000000000000  0         
7560001300016S 013                                                                                                                                                                                                                              
7560001300017P 010563100000020087306 000029558201011     10 224413018670000002002202500000000000300000000 02A06022025120022025000000000000001000000000000000000000000000000000000000000000000000000                         1000   090000000000 
7560001300018Q 011000032654262898DIEGO CESAR DE PAULA                    RUA GUADALAJARA ,260                    JARDIM GUANABAR13211822        JUNDIAISP0000000000000000                                        000                            
7560001300019R 01000000000000000000000000000000000000000000000000120022025000000000000060                                                                                                              0000000000000000 000000000000  0         
7560001300020S 013                                                                                                                                                                                                                              
7560001300021P 010563100000020087306 000029559001011     10 224479418670000002002202500000000003070800000 02A06022025120022025000000000000010000000000000000000000000000000000000000000000000000000                         1000   090000000000 
7560001300022Q 011000032654262898DIEGO CESAR DE PAULA                    RUA GUADALAJARA ,260                    JARDIM GUANABAR13211822        JUNDIAISP0000000000000000                                        000                            
7560001300023R 01000000000000000000000000000000000000000000000000120022025000000000000614                                                                                                              0000000000000000 000000000000  0         
7560001300024S 013                                                                                                                                                                                                                              
7560001300025P 010563100000020087306 000029560801011     10 224481820100000002002202500000000001992800000 02A06022025120022025000000000000007000000000000000000000000000000000000000000000000000000                         1000   090000000000 
7560001300026Q 011000045097684869LUANA DA SILVA RODRIGUES                RUA DOS MIRANDAS ,80                    INAMAR         09981100        DIADEMASP0000000000000000                                        000                            
7560001300027R 01000000000000000000000000000000000000000000000000120022025000000000000399                                                                                                              0000000000000000 000000000000  0         
7560001300028S 013                                                                                                                                                                                                                              
7560001300029P 010563100000020087306 000029561501011     10 223988618910000002002202500000000003392000000 02A06022025120022025000000000000011000000000000000000000000000000000000000000000000000000                         1000   090000000000 
7560001300030Q 011000036517885803FERNANDO HENRIQUE CESTO ASCENSO         RUA RUBENS DE SOUZA ARAUJO ,199         VILA MANGALOT  05132000      SAO PAULOSP0000000000000000                                        000                            
7560001300031R 01000000000000000000000000000000000000000000000000120022025000000000000678                                                                                                              0000000000000000 000000000000  0         
7560001300032S 013                                                                                                                                                                                                                              
7560001300033P 010563100000020087306 000029562201011     10 224503412980000002002202500000000001853900000 02A06022025120022025000000000000006000000000000000000000000000000000000000000000000000000                         1000   090000000000 
7560001300034Q 011000014026905845SOLANGE APARECIDA GRANGEIRO DE SOUZA    RUA MIGUEL COUTO ,307                   PLANALTO       09895130SAO BERNARDO DOSP0000000000000000                                        000                            
7560001300035R 01000000000000000000000000000000000000000000000000120022025000000000000371                                                                                                              0000000000000000 000000000000  0         
7560001300036S 013                                                                                                                                                                                                                              
7560001300037P 010563100000020087306 000029563001011     10 224427521320000002002202500000000003200000000 02A06022025120022025000000000000011000000000000000000000000000000000000000000000000000000                         1000   090000000000 
7560001300038Q 011000003344958496MARCELA BARRETO DE OLIVEIRA             RUA LUIZ PRIMOLA DA SILVA ,117          BANCARIOS      58051340    JOAO PESSOAPB0000000000000000                                        000                            
7560001300039R 01000000000000000000000000000000000000000000000000120022025000000000000640                                                                                                              0000000000000000 000000000000  0         
7560001300040S 013                                                                                                                                                                                                                              
7560001300041P 010563100000020087306 000029564701011     10 224504616400000002002202500000000000000000000 02A06022025120022025000000000000000000000000000000000000000000000000000000000000000000000                         1000   090000000000 
7560001300042Q 011000040656002867MARCO RODRIGUES PEREIRA                 RUA PADRE PEDRO RIGO ,215               PLANALTO       09895750SAO BERNARDO DOSP0000000000000000                                        000                            
7560001300043R 01000000000000000000000000000000000000000000000000120022025000000000000000                                                                                                              0000000000000000 000000000000  0         
7560001300044S 013                                                                                                                                                                                                                              
7560001300045P 010563100000020087306 000029565401011     10 224233620580000002002202500000000002200000000 02A06022025120022025000000000000007000000000000000000000000000000000000000000000000000000                         1000   090000000000 
7560001300046Q 011000046586007810NICOLE DOS SANTOS                       RUA NELSON RODRIGUES ,103               PLANALTO       09896170SAO BERNARDO DOSP0000000000000000                                        000                            
7560001300047R 01000000000000000000000000000000000000000000000000120022025000000000000440                                                                                                              0000000000000000 000000000000  0         
7560001300048S 013                                                                                                                                                                                                                              
7560001300049P 010563100000020087306 000029566101011     10 224513020000000002002202500000000003731200000 02A06022025120022025000000000000012000000000000000000000000000000000000000000000000000000                         1000   090000000000 
7560001300050Q 011000032243380838NADLA ARAUJO DA SILVA                   RUA LAURA BETTI ,07                     PARQUE NACOES U02996260      SAO PAULOSP0000000000000000                                        000                            
7560001300051R 01000000000000000000000000000000000000000000000000120022025000000000000746                                                                                                              0000000000000000 000000000000  0         
7560001300052S 013                                                                                                                                                                                                                              
7560001300053P 010563100000020087306 000029567901011     10 224668820000000002002202500000000001350000000 02A06022025120022025000000000000004000000000000000000000000000000000000000000000000000000                         1000   090000000000 
7560001300054Q 011000032243380838NADLA ARAUJO DA SILVA                   RUA LAURA BETTI ,07                     PARQUE NACOES U02996260      SAO PAULOSP0000000000000000                                        000                            
7560001300055R 01000000000000000000000000000000000000000000000000120022025000000000000270                                                                                                              0000000000000000 000000000000  0         
7560001300056S 013                                                                                                                                                                                                                              
7560001300057P 010563100000020087306 000029568601011     10 224173620280000002002202500000000003520000000 02A06022025120022025000000000000012000000000000000000000000000000000000000000000000000000                         1000   090000000000 
7560001300058Q 011000043469702810RENAN FERREIRA DIAS                     AVENIDA DOM JAIME DE BARROS CAMARA ,763 PLANALTO       09895400SAO BERNARDO DOSP0000000000000000                                        000                            
7560001300059R 01000000000000000000000000000000000000000000000000120022025000000000000704                                                                                                              0000000000000000 000000000000  0         
7560001300060S 013                                                                                                                                                                                                                              
7560001300061P 010563100000020087306 000029569301011     10 224160317190000002002202500000000002236000000 02A06022025120022025000000000000007000000000000000000000000000000000000000000000000000000                         1000   090000000000 
7560001300062Q 011000020533601860LUCIANA CARVALHO                        AVENIDA DOM JAIME DE BARROS CAMARA ,675 PLANALTO       09895400SAO BERNARDO DOSP0000000000000000                                        000                            
7560001300063R 01000000000000000000000000000000000000000000000000120022025000000000000447                                                                                                              0000000000000000 000000000000  0         
7560001300064S 013                                                                                                                                                                                                                              
75600015         00001600001600000000000415690000000000000000000000000000000000000000000000000000000000000000000000                                                                                                                             
75699999         000001000016000000                                                                                                                                                                                                             