75600000         232970660000191                    0563100000020098014 EDUULMC CURSOS DE IDIOMAS EIRESICOOB                                  12207202413570200000108100000                                                                     
75600011R01  040 2032970660000191                    0563100000020098014 EDUULMC CURSOS DE IDIOMAS EIRE                                                                                000046562207202400000000                                 
7560001300001P 010563100000020098014 000027457801011     10 223980815190000000508202400000000003392000000 02A22072024105082024000000000000011000000000000000000000000000000000000000000000000000000                         1000   090000000000 
7560001300002Q 011000016426937827ELISANGELA LOPES CASSOLATO              RUA DOUTOR MIGUEL VIEIRA FERREIRA ,191  JARDIM ZAIRA   07095070      GUARULHOSSP0000000000000000                                        000                            
7560001300003R 01000000000000000000000000000000000000000000000000105082024000000000000678                                                                                                              0000000000000000 000000000000  0         
7560001300004S 013                                                                                                                                                                                                                              
7560001300005P 010563100000020098014 000027458501011     10 224122720140000000508202400000000002830000000 02A22072024105082024000000000000009000000000000000000000000000000000000000000000000000000                         1000   090000000000 
7560001300006Q 011000030377225843MARLEIDE DE LIMA PAZZOTTI               RUA JACI ,56                            JARDIM STELLA  09185640    SANTO ANDRESP0000000000000000                                        000                            
7560001300007R 01000000000000000000000000000000000000000000000000105082024000000000000566                                                                                                              0000000000000000 000000000000  0         
7560001300008S 013                                                                                                                                                                                                                              
7560001300009P 010563100000020098014 000027459201011     10 223997618870000000508202400000000003392000000 02A22072024105082024000000000000011000000000000000000000000000000000000000000000000000000                         1000   090000000000 
7560001300010Q 011000036826948893IRIS MIQUELINE BRITO                    RUA JAIRO DE ALMEIDA MACHADO ,50        PIRITUBA       02998060      SAO PAULOSP0000000000000000                                        000                            
7560001300011R 01000000000000000000000000000000000000000000000000105082024000000000000678                                                                                                              0000000000000000 000000000000  0         
7560001300012S 013                                                                                                                                                                                                                              
7560001300013P 010563100000020098014 000027460001011     10 224078319020000000508202400000000002563100000 02A22072024105082024000000000000008000000000000000000000000000000000000000000000000000000                         1000   090000000000 
7560001300014Q 011000045603241829JOAO VICTOR SILVA LIMA DE OLIVEIRA      RUA INDIANA ,1135                       BROOKLIN PAULIS04562002      SAO PAULOSP0000000000000000                                        000                            
7560001300015R 01000000000000000000000000000000000000000000000000105082024000000000000513                                                                                                              0000000000000000 000000000000  0         
7560001300016S 013                                                                                                                                                                                                                              
7560001300017P 010563100000020098014 000027461801011     10 223842112560000000508202400000000003200000000 02A22072024105082024000000000000011000000000000000000000000000000000000000000000000000000                         1000   090000000000 
7560001300018Q 011000029951643817JULIANA TAVARES DE ARAUJO               AVENIDA ODAIR SANTANELLI ,300           PARQUE CECAP   07190050      GUARULHOSSP0000000000000000                                        000                            
7560001300019R 01000000000000000000000000000000000000000000000000105082024000000000000640                                                                                                              0000000000000000 000000000000  0         
7560001300020S 013                                                                                                                                                                                                                              
7560001300021P 010563100000020098014 000027462501011     10 224157316820000000508202400000000002471900000 02A22072024105082024000000000000008000000000000000000000000000000000000000000000000000000                         1000   090000000000 
7560001300022Q 011000030755045807RENATA DOS REIS LIMA                    RUA SERRA DAS DIVISOES ,245 A           CHACARA DONA ES08581120ITAQUAQUECETUBASP0000000000000000                                        000                            
7560001300023R 01000000000000000000000000000000000000000000000000105082024000000000000494                                                                                                              0000000000000000 000000000000  0         
7560001300024S 013                                                                                                                                                                                                                              
7560001300025P 010563100000020098014 000027463201011     10 224340816820000000508202400000000000500000000 02A22072024105082024000000000000002000000000000000000000000000000000000000000000000000000                         1000   090000000000 
7560001300026Q 011000030755045807RENATA DOS REIS LIMA                    RUA SERRA DAS DIVISOES ,245 A           CHACARA DONA ES08581120ITAQUAQUECETUBASP0000000000000000                                        000                            
7560001300027R 01000000000000000000000000000000000000000000000000105082024000000000000100                                                                                                              0000000000000000 000000000000  0         
7560001300028S 013                                                                                                                                                                                                                              
7560001300029P 010563100000020098014 000027464001011     10 224087954900000000508202400000000002069300000 02A22072024105082024000000000000007000000000000000000000000000000000000000000000000000000                         1000   090000000000 
7560001300030Q 011000022777304831THAIS DA SILVA BARBOSA                  AVENIDA ROTARY ,680                     VILA DAS BANDEI07042000      GUARULHOSSP0000000000000000                                        000                            
7560001300031R 01000000000000000000000000000000000000000000000000105082024000000000000414                                                                                                              0000000000000000 000000000000  0         
7560001300032S 013                                                                                                                                                                                                                              
75600015         00000800000800000000000204183000000000000000000000000000000000000000000000000000000000000000000000                                                                                                                             
75699999         000001000008000000                                                                                                                                                                                                             