75600000         219895217000135                    0563100000020064454 IWS CURSOS DE IDIOMAS LTDA    SICOOB                                  12305202411470700000108100000                                                                     
75600011R01  040 2019895217000135                    0563100000020064454 IWS CURSOS DE IDIOMAS LTDA                                                                                    000045752305202400000000                                 
7560001300001P 010563100000020064454 000026801401011     10 224104615330000000506202400000000003500000000 02A23052024105062024000000000000012000000000000000000000000000000000000000000000000000000                         1000   090000000000 
7560001300002Q 011000018506198836ALESSANDRA PEREIRA DA SILVA             RUA ANTONIO NASCENTES ,227              CHACARA SAO JOA02279140      SAO PAULOSP0000000000000000                                        000                            
7560001300003R 01000000000000000000000000000000000000000000000000105062024000000000000700                                                                                                              0000000000000000 000000000000  0         
7560001300004S 013                                                                                                                                                                                                                              
7560001300005P 010563100000020064454 000026802101011     10 224046219860000001006202400000000002670000000 02A23052024110062024000000000000009000000000000000000000000000000000000000000000000000000                         1000   090000000000 
7560001300006Q 011000013507076861ALEXANDRE LEAO LUCCHESI                 RUA ALVARO DUARTE ,39                   JACANA         02272060      SAO PAULOSP0000000000000000                                        000                            
7560001300007R 01000000000000000000000000000000000000000000000000110062024000000000000534                                                                                                              0000000000000000 000000000000  0         
7560001300008S 013                                                                                                                                                                                                                              
7560001300009P 010563100000020064454 000026803901011     10 224060140000000001006202400000000003160000000 02A23052024110062024000000000000010000000000000000000000000000000000000000000000000000000                         1000   090000000000 
7560001300010Q 011000039857755836ALINE NUNES DAL SOGLIO GUIDI            RUA SAO FELIPE ,330                     PARQUE SAO JORG03085010      SAO PAULOSP0000000000000000                                        000                            
7560001300011R 01000000000000000000000000000000000000000000000000110062024000000000000632                                                                                                              0000000000000000 000000000000  0         
7560001300012S 013                                                                                                                                                                                                                              
7560001300013P 010563100000020064454 000026804601011     10 224161020210000000506202400000000003000000000 02A23052024105062024000000000000010000000000000000000000000000000000000000000000000000000                         1000   090000000000 
7560001300014Q 011000029247398886ANGELA MARIA DIAS DOS REIS              RUA TRAJANO DE FARIA ,216               JARDIM NOVA TAB07141080      GUARULHOSSP0000000000000000                                        000                            
7560001300015R 01000000000000000000000000000000000000000000000000105062024000000000000600                                                                                                              0000000000000000 000000000000  0         
7560001300016S 013                                                                                                                                                                                                                              
7560001300017P 010563100000020064454 000026805301011     10 224141516970000001006202400000000003074000000 02A23052024110062024000000000000010000000000000000000000000000000000000000000000000000000                         1000   090000000000 
7560001300018Q 011000028580799864BRUNO LIGUORI PESCE                     RUA DONA DICA ,378                      JARDIM TRANQUIL07052000      GUARULHOSSP0000000000000000                                        000                            
7560001300019R 01000000000000000000000000000000000000000000000000110062024000000000000615                                                                                                              0000000000000000 000000000000  0         
7560001300020S 013                                                                                                                                                                                                                              
7560001300021P 010563100000020064454 000026806001011     10 224172419830000001006202400000000000500000000 02A23052024110062024000000000000002000000000000000000000000000000000000000000000000000000                         1000   090000000000 
7560001300022Q 011000044504887843CAMILA SILVA BARCELOS                   RUA UNIAO ,36                           VALE DOS MACHAD07082660      GUARULHOSSP0000000000000000                                        000                            
7560001300023R 01000000000000000000000000000000000000000000000000110062024000000000000100                                                                                                              0000000000000000 000000000000  0         
7560001300024S 013                                                                                                                                                                                                                              
7560001300025P 010563100000020064454 000026807801011     10 223971018300000001006202400000000002830200000 02A23052024110062024000000000000009000000000000000000000000000000000000000000000000000000                         1000   090000000000 
7560001300026Q 011000032988336814CARLOS HENRIQUE DE OLIVEIRA             RUA DONA TECLA ,230                     JARDIM FLOR DA 07097380      GUARULHOSSP0000000000000000                                        000                            
7560001300027R 01000000000000000000000000000000000000000000000000110062024000000000000566                                                                                                              0000000000000000 000000000000  0         
7560001300028S 013                                                                                                                                                                                                                              
7560001300029P 010563100000020064454 000026808501011     10 223973418420000001006202400000000002830200000 02A23052024110062024000000000000009000000000000000000000000000000000000000000000000000000                         1000   090000000000 
7560001300030Q 011000040323474845CHRISTOPHER PAULO CRUZ                  RUA CELIA DOMINGUES FAUSTINO ,          PARQUE CECAP   07190060      GUARULHOSSP0000000000000000                                        000                            
7560001300031R 01000000000000000000000000000000000000000000000000110062024000000000000566                                                                                                              0000000000000000 000000000000  0         
7560001300032S 013                                                                                                                                                                                                                              
7560001300033P 010563100000020064454 000026809201011     10 224042619820000001006202400000000002250000000 02A23052024110062024000000000000007000000000000000000000000000000000000000000000000000000                         1000   090000000000 
7560001300034Q 011000032864696886DANILO NOVO OTAVIANO                    RUA MARRET ,24                          VILA PROGRESSO 07095140      GUARULHOSSP0000000000000000                                        000                            
7560001300035R 01000000000000000000000000000000000000000000000000110062024000000000000450                                                                                                              0000000000000000 000000000000  0         
7560001300036S 013                                                                                                                                                                                                                              
7560001300037P 010563100000020064454 000026810001011     10 223978218800000000506202400000000004770000000 02A23052024105062024000000000000016000000000000000000000000000000000000000000000000000000                         1000   090000000000 
7560001300038Q 011000013428220803EDIVANIA CONCEICAO MEDEIROS DA SILVA    RUA MANGA ,642                          JD. ALBERTINA  07243500      GUARULHOSSP0000000000000000                                        000                            
7560001300039R 01000000000000000000000000000000000000000000000000105062024000000000000954                                                                                                              0000000000000000 000000000000  0         
7560001300040S 013                                                                                                                                                                                                                              
7560001300041P 010563100000020064454 000026811801011     10 224248618800000000506202400000000000750000000 02A23052024105062024000000000000002000000000000000000000000000000000000000000000000000000                         1000   090000000000 
7560001300042Q 011000013428220803EDIVANIA CONCEICAO MEDEIROS DA SILVA    RUA MANGA ,642                          JD. ALBERTINA  07243500      GUARULHOSSP0000000000000000                                        000                            
7560001300043R 01000000000000000000000000000000000000000000000000105062024000000000000150                                                                                                              0000000000000000 000000000000  0         
7560001300044S 013                                                                                                                                                                                                                              
7560001300045P 010563100000020064454 000026812501011     10 223981818310000000506202400000000002830200000 02A23052024105062024000000000000009000000000000000000000000000000000000000000000000000000                         1000   090000000000 
7560001300046Q 011000034078049893ELLEN DOS SANTOS FRANCO                 RUA MARIA ZINTL ,114                    COCAIA         07121390      GUARULHOSSP0000000000000000                                        000                            
7560001300047R 01000000000000000000000000000000000000000000000000105062024000000000000566                                                                                                              0000000000000000 000000000000  0         
7560001300048S 013                                                                                                                                                                                                                              
7560001300049P 010563100000020064454 000026813201011     10 223914814860000000506202400000000003498000000 02A23052024105062024000000000000012000000000000000000000000000000000000000000000000000000                         1000   090000000000 
7560001300050Q 011000025313672843FABIOLA GURGEL                          RUA DOUTOR MIGUEL VIEIRA FERREIRA ,57   JARDIM ZAIRA   07095070      GUARULHOSSP0000000000000000                                        000                            
7560001300051R 01000000000000000000000000000000000000000000000000105062024000000000000700                                                                                                              0000000000000000 000000000000  0         
7560001300052S 013                                                                                                                                                                                                                              
7560001300053P 010563100000020064454 000026814001011     10 224147516920000001006202400000000002400000000 02A23052024110062024000000000000008000000000000000000000000000000000000000000000000000000                         1000   090000000000 
7560001300054Q 011000011874897867LUIZ ALEXANDRE PROFITTI                 RUA INDAIA ,200                         VILA PRUDENTE  03132125      SAO PAULOSP0000000000000000                                        000                            
7560001300055R 01000000000000000000000000000000000000000000000000110062024000000000000480                                                                                                              0000000000000000 000000000000  0         
7560001300056S 013                                                                                                                                                                                                                              
7560001300057P 010563100000020064454 000026815701011     10 224228316920000001006202400000000000500000000 02A23052024110062024000000000000002000000000000000000000000000000000000000000000000000000                         1000   090000000000 
7560001300058Q 011000011874897867LUIZ ALEXANDRE PROFITTI                 RUA INDAIA ,200                         VILA PRUDENTE  03132125      SAO PAULOSP0000000000000000                                        000                            
7560001300059R 01000000000000000000000000000000000000000000000000110062024000000000000100                                                                                                              0000000000000000 000000000000  0         
7560001300060S 013                                                                                                                                                                                                                              
7560001300061P 010563100000020064454 000026816401011     10 223989018100000000506202400000000002120000000 02A23052024105062024000000000000007000000000000000000000000000000000000000000000000000000                         1000   090000000000 
7560001300062Q 011000029619296877DEBORA DO CARMO ALVES DA SILVA          RUA JOSE MIGUEL ACKEL ,2790             JARDIM GUILHERM07273000      GUARULHOSSP0000000000000000                                        000                            
7560001300063R 01000000000000000000000000000000000000000000000000105062024000000000000424                                                                                                              0000000000000000 000000000000  0         
7560001300064S 013                                                                                                                                                                                                                              
7560001300065P 010563100000020064454 000026817101011     10 224072195300000000506202400000000002332000000 02A23052024105062024000000000000008000000000000000000000000000000000000000000000000000000                         1000   090000000000 
7560001300066Q 011000021895277833ERIC HENRIQUE VASCONCELLOS SANTOS       RUA CONEGO VALADAO ,161                 GOPOUVA        07040000      GUARULHOSSP0000000000000000                                        000                            
7560001300067R 01000000000000000000000000000000000000000000000000105062024000000000000466                                                                                                              0000000000000000 000000000000  0         
7560001300068S 013                                                                                                                                                                                                                              
7560001300069P 010563100000020064454 000026818901011     10 223993818500000000506202400000000002438000000 02A23052024105062024000000000000008000000000000000000000000000000000000000000000000000000                         1000   090000000000 
7560001300070Q 011000008563118803SIMONE SOARES ZUANETTI                  RUA JESUINO RABELLO ,196                VILA MILTON    07063150      GUARULHOSSP0000000000000000                                        000                            
7560001300071R 01000000000000000000000000000000000000000000000000105062024000000000000488                                                                                                              0000000000000000 000000000000  0         
7560001300072S 013                                                                                                                                                                                                                              
7560001300073P 010563100000020064454 000026819601011     10 224149916960000000506202400000000002584300000 02A23052024105062024000000000000009000000000000000000000000000000000000000000000000000000                         1000   090000000000 
7560001300074Q 011000025313672843FABIOLA GURGEL                          RUA DOUTOR MIGUEL VIEIRA FERREIRA ,57   JARDIM ZAIRA   07095070      GUARULHOSSP0000000000000000                                        000                            
7560001300075R 01000000000000000000000000000000000000000000000000105062024000000000000517                                                                                                              0000000000000000 000000000000  0         
7560001300076S 013                                                                                                                                                                                                                              
7560001300077P 010563100000020064454 000026820401011     10 224119920130000000506202400000000003500000000 02A23052024105062024000000000000012000000000000000000000000000000000000000000000000000000                         1000   090000000000 
7560001300078Q 011000048357994881HENRIQUE ADRIANO DE SOUSA SANTOS        AVENIDA JOSE AUGUSTO DA SILVA RICO ,621 VILA RICA      07156100      GUARULHOSSP0000000000000000                                        000                            
7560001300079R 01000000000000000000000000000000000000000000000000105062024000000000000700                                                                                                              0000000000000000 000000000000  0         
7560001300080S 013                                                                                                                                                                                                                              
7560001300081P 010563100000020064454 000026821101011     10 223996218520000000506202400000000002109400000 02A23052024105062024000000000000007000000000000000000000000000000000000000000000000000000                         1000   090000000000 
7560001300082Q 011000008563118803SIMONE SOARES ZUANETTI                  RUA JESUINO RABELLO ,196                VILA MILTON    07063150      GUARULHOSSP0000000000000000                                        000                            
7560001300083R 01000000000000000000000000000000000000000000000000105062024000000000000422                                                                                                              0000000000000000 000000000000  0         
7560001300084S 013                                                                                                                                                                                                                              
7560001300085P 010563100000020064454 000026822901011     10 223749025600000001006202400000000003731200000 02A23052024110062024000000000000012000000000000000000000000000000000000000000000000000000                         1000   090000000000 
7560001300086Q 011000007810479865IDERALDO ELMER RIBEIRO                  RUA ROSALI ,269                         VILA MARANDUBA 07060091      GUARULHOSSP0000000000000000                                        000                            
7560001300087R 01000000000000000000000000000000000000000000000000110062024000000000000746                                                                                                              0000000000000000 000000000000  0         
7560001300088S 013                                                                                                                                                                                                                              
7560001300089P 010563100000020064454 000026823601011     10 223701013880000000506202400000000004500000000 02A23052024105062024000000000000015000000000000000000000000000000000000000000000000000000                         1000   090000000000 
7560001300090Q 011000027156202847DEBORA FERREIRA TRINDADE                RUA TERCEIRO-SARGENTO-AERONA,80 APT 216 JARDIM SANTA ME07096240      GUARULHOSSP0000000000000000                                        000                            
7560001300091R 01000000000000000000000000000000000000000000000000105062024000000000000900                                                                                                              0000000000000000 000000000000  0         
7560001300092S 013                                                                                                                                                                                                                              
7560001300093P 010563100000020064454 000026824301011     10 223702226400000001006202400000000002332000000 02A23052024110062024000000000000008000000000000000000000000000000000000000000000000000000                         1000   090000000000 
7560001300094Q 011000026634012857JERRISLEI BENTO NOGUEIRA                AVENIDA CARLOS FERREIRA ENDRES ,1205    VILA ENDRES    07041030      GUARULHOSSP0000000000000000                                        000                            
7560001300095R 01000000000000000000000000000000000000000000000000110062024000000000000466                                                                                                              0000000000000000 000000000000  0         
7560001300096S 013                                                                                                                                                                                                                              
7560001300097P 010563100000020064454 000026825001011     10 223825315700000001006202400000000005300000000 02A23052024110062024000000000000017000000000000000000000000000000000000000000000000000000                         1000   090000000000 
7560001300098Q 011000007057855990KAUANNE FERREIRA DE MELO                RUA SARGENTO GONCALO JOAQUIM DE OLI,214 PARQUE CONTINEN07084184      GUARULHOSSP0000000000000000                                        000                            
7560001300099R 01000000000000000000000000000000000000000000000000110062024000000000001060                                                                                                              0000000000000000 000000000000  0         
7560001300100S 013                                                                                                                                                                                                                              
7560001300101P 010563100000020064454 000026826801011     10 223876596600000000506202400000000003200000000 02A23052024105062024000000000000011000000000000000000000000000000000000000000000000000000                         1000   090000000000 
7560001300102Q 011000045489539810KETYLIN DOS SANTOS                      RUA BRANQUILHO ,30                      JARDIM DAS CAME08050470      SAO PAULOSP0000000000000000                                        000                            
7560001300103R 01000000000000000000000000000000000000000000000000105062024000000000000640                                                                                                              0000000000000000 000000000000  0         
7560001300104S 013                                                                                                                                                                                                                              
7560001300105P 010563100000020064454 000026827501011     10 223866919640000001006202400000000003000000000 02A23052024110062024000000000000010000000000000000000000000000000000000000000000000000000                         1000   090000000000 
7560001300106Q 011000036299312866LETICIA RAMOS SHINKAI                   AVENIDA TIRADENTES ,                    JARDIM GUARULHO07090000      GUARULHOSSP0000000000000000                                        000                            
7560001300107R 01000000000000000000000000000000000000000000000000110062024000000000000600                                                                                                              0000000000000000 000000000000  0         
7560001300108S 013                                                                                                                                                                                                                              
7560001300109P 010563100000020064454 000026828201011     10 224004618450000001006202400000000002830200000 02A23052024110062024000000000000009000000000000000000000000000000000000000000000000000000                         1000   090000000000 
7560001300110Q 011000042564299806LETTICIA POSCHI MOTA                    RUA FRANCISCO PEREIRA ,466              VILA GALVAO    07071060      GUARULHOSSP0000000000000000                                        000                            
7560001300111R 01000000000000000000000000000000000000000000000000110062024000000000000566                                                                                                              0000000000000000 000000000000  0         
7560001300112S 013                                                                                                                                                                                                                              
7560001300113P 010563100000020064454 000026829001011     10 224252118450000001006202400000000000750000000 02A23052024110062024000000000000002000000000000000000000000000000000000000000000000000000                         1000   090000000000 
7560001300114Q 011000042564299806LETTICIA POSCHI MOTA                    RUA FRANCISCO PEREIRA ,466              VILA GALVAO    07071060      GUARULHOSSP0000000000000000                                        000                            
7560001300115R 01000000000000000000000000000000000000000000000000110062024000000000000150                                                                                                              0000000000000000 000000000000  0         
7560001300116S 013                                                                                                                                                                                                                              
7560001300117P 010563100000020064454 000026830801011     10 223794814350000000506202400000000005671000000 02A23052024105062024000000000000019000000000000000000000000000000000000000000000000000000                         1000   090000000000 
7560001300118Q 011000009664163848LILIAN DE FATIMA SILVA                  RUA PROFESSOR WLADEMIR PEREIRA ,230     VILA SAO SILVES05386360      SAO PAULOSP0000000000000000                                        000                            
7560001300119R 01000000000000000000000000000000000000000000000000105062024000000000001134                                                                                                              0000000000000000 000000000000  0         
7560001300120S 013                                                                                                                                                                                                                              
7560001300121P 010563100000020064454 000026831501011     10 223796017840000001006202400000000002120000000 02A23052024110062024000000000000007000000000000000000000000000000000000000000000000000000                         1000   090000000000 
7560001300122Q 011000025385360813BENEDITA BISPO DA HORA                  RUA BENEDICTO THIESO ,28                PARQUE RESIDENC07159870      GUARULHOSSP0000000000000000                                        000                            
7560001300123R 01000000000000000000000000000000000000000000000000110062024000000000000424                                                                                                              0000000000000000 000000000000  0         
7560001300124S 013                                                                                                                                                                                                                              
7560001300125P 010563100000020064454 000026832201011     10 223776759500000000506202400000000002670000000 02A23052024105062024000000000000009000000000000000000000000000000000000000000000000000000                         1000   090000000000 
7560001300126Q 011000098867539000LUCIANA HISAYO ENDO                     RUA BENEDITO FAUSTINO DE MORAIS ,48     VILA RACHID    07012080      GUARULHOSSP0000000000000000                                        000                            
7560001300127R 01000000000000000000000000000000000000000000000000105062024000000000000534                                                                                                              0000000000000000 000000000000  0         
7560001300128S 013                                                                                                                                                                                                                              
7560001300129P 010563100000020064454 000026833001011     10 224082916710000001006202400000000001977500000 02A23052024110062024000000000000007000000000000000000000000000000000000000000000000000000                         1000   090000000000 
7560001300130Q 011000099343460872WANDERLEY JOSE RAMOS VENANCIO           RUA URBANO SANTOS ,530                  SITIO DOS BRITO07182320      GUARULHOSSP0000000000000000                                        000                            
7560001300131R 01000000000000000000000000000000000000000000000000110062024000000000000396                                                                                                              0000000000000000 000000000000  0         
7560001300132S 013                                                                                                                                                                                                                              
7560001300133P 010563100000020064454 000026834701011     10 223798411980000000506202400000000002120000000 02A23052024105062024000000000000007000000000000000000000000000000000000000000000000000000                         1000   090000000000 
7560001300134Q 011000029939095848DIEGO GOMES                             RUA RIO DO PARDO ,200                   JARDIM ALBERTIN07243380      GUARULHOSSP0000000000000000                                        000                            
7560001300135R 01000000000000000000000000000000000000000000000000105062024000000000000424                                                                                                              0000000000000000 000000000000  0         
7560001300136S 013                                                                                                                                                                                                                              
7560001300137P 010563100000020064454 000026835401011     10 224017842000000000506202400000000002823000000 02A23052024105062024000000000000009000000000000000000000000000000000000000000000000000000                         1000   090000000000 
7560001300138Q 011000011632733846PAULO SERGIO GONCALVES DE OLIVEIRA      RUA ALBERTO HINOTO BENTO ,294           MACEDO         07197140      GUARULHOSSP0000000000000000                                        000                            
7560001300139R 01000000000000000000000000000000000000000000000000105062024000000000000565                                                                                                              0000000000000000 000000000000  0         
7560001300140S 013                                                                                                                                                                                                                              
7560001300141P 010563100000020064454 000026836101011     10 224158316900000001006202400000000002400000000 02A23052024110062024000000000000008000000000000000000000000000000000000000000000000000000                         1000   090000000000 
7560001300142Q 011000011874897867LUIZ ALEXANDRE PROFITTI                 RUA INDAIA ,200                         VILA PRUDENTE  03132125      SAO PAULOSP0000000000000000                                        000                            
7560001300143R 01000000000000000000000000000000000000000000000000110062024000000000000480                                                                                                              0000000000000000 000000000000  0         
7560001300144S 013                                                                                                                                                                                                                              
7560001300145P 010563100000020064454 000026837901011     10 224228016900000001006202400000000000500000000 02A23052024110062024000000000000002000000000000000000000000000000000000000000000000000000                         1000   090000000000 
7560001300146Q 011000011874897867LUIZ ALEXANDRE PROFITTI                 RUA INDAIA ,200                         VILA PRUDENTE  03132125      SAO PAULOSP0000000000000000                                        000                            
7560001300147R 01000000000000000000000000000000000000000000000000110062024000000000000100                                                                                                              0000000000000000 000000000000  0         
7560001300148S 013                                                                                                                                                                                                                              
7560001300149P 010563100000020064454 000026838601011     10 224023818190000000506202400000000002480400000 02A23052024105062024000000000000008000000000000000000000000000000000000000000000000000000                         1000   090000000000 
7560001300150Q 011000028597539828ROSANGELA DE LOURDES MENDES             RUA PRIMEIRO DE MAIO ,56                VILA ANTONIETA 07041220      GUARULHOSSP0000000000000000                                        000                            
7560001300151R 01000000000000000000000000000000000000000000000000105062024000000000000496                                                                                                              0000000000000000 000000000000  0         
7560001300152S 013                                                                                                                                                                                                                              
7560001300153P 010563100000020064454 000026839301011     10 223802015570000000506202400000000002650000000 02A23052024105062024000000000000009000000000000000000000000000000000000000000000000000000                         1000   090000000000 
7560001300154Q 011000043483096809SABRINA DE OLIVEIRA TAVARES             RUA DOUTOR PAULO MAURICIO DE OLIVEI,128 RESIDENCIAL CER07130560      GUARULHOSSP0000000000000000                                        000                            
7560001300155R 01000000000000000000000000000000000000000000000000105062024000000000000530                                                                                                              0000000000000000 000000000000  0         
7560001300156S 013                                                                                                                                                                                                                              
7560001300157P 010563100000020064454 000026840101011     10 224025018270000001006202400000000002830200000 02A23052024110062024000000000000009000000000000000000000000000000000000000000000000000000                         1000   090000000000 
7560001300158Q 011000039053153861SAMMYA M. DA S. SOUSA                   RUA SARGENTO DA AERONAUTICA ARIOVAL,404 CIDADE JARDIM C07181240      GUARULHOSSP0000000000000000                                        000                            
7560001300159R 01000000000000000000000000000000000000000000000000110062024000000000000566                                                                                                              0000000000000000 000000000000  0         
7560001300160S 013                                                                                                                                                                                                                              
7560001300161P 010563100000020064454 000026841901011     10 224086519000000001006202400000000002226000000 02A23052024110062024000000000000007000000000000000000000000000000000000000000000000000000                         1000   090000000000 
7560001300162Q 011000008563118803SIMONE SOARES ZUANETTI                  RUA JESUINO RABELLO ,196                VILA MILTON    07063150      GUARULHOSSP0000000000000000                                        000                            
7560001300163R 01000000000000000000000000000000000000000000000000110062024000000000000445                                                                                                              0000000000000000 000000000000  0         
7560001300164S 013                                                                                                                                                                                                                              
7560001300165P 010563100000020064454 000026842601011     10 223764653700000001006202400000000005247000000 02A23052024110062024000000000000017000000000000000000000000000000000000000000000000000000                         1000   090000000000 
7560001300166Q 011000009017220813SUZI SANTOS MONIZ                       ALAMEDA RIBEIRAO PRETO ,111             BELA VISTA     01331001      SAO PAULOSP0000000000000000                                        000                            
7560001300167R 01000000000000000000000000000000000000000000000000110062024000000000001049                                                                                                              0000000000000000 000000000000  0         
7560001300168S 013                                                                                                                                                                                                                              
7560001300169P 010563100000020064454 000026843301011     10 224028618730000001006202400000000003180000000 02A23052024110062024000000000000010000000000000000000000000000000000000000000000000000000                         1000   090000000000 
7560001300170Q 011000032837190802THAIS CRISTINA DA COSTA GHIDELLI CAMPOS AVENIDA LAURO GOMES ,111                RUDGE RAMOS    09635010SAO BERNARDO DOSP0000000000000000                                        000                            
7560001300171R 01000000000000000000000000000000000000000000000000110062024000000000000636                                                                                                              0000000000000000 000000000000  0         
7560001300172S 013                                                                                                                                                                                                                              
7560001300173P 010563100000020064454 000026844001011     10 224091315140000001006202400000000002224700000 02A23052024110062024000000000000007000000000000000000000000000000000000000000000000000000                         1000   090000000000 
7560001300174Q 011000004913644823VALQUIRIA DE CASSIA NUNES SOARES        RUA RODOVALHO JUNIOR ,44                PENHA DE FRANCA03605000      SAO PAULOSP0000000000000000                                        000                            
7560001300175R 01000000000000000000000000000000000000000000000000110062024000000000000445                                                                                                              0000000000000000 000000000000  0         
7560001300176S 013                                                                                                                                                                                                                              
7560001300177P 010563100000020064454 000026845801011     10 224092510220000000506202400000000003262900000 02A23052024105062024000000000000011000000000000000000000000000000000000000000000000000000                         1000   090000000000 
7560001300178Q 011000043704621854VICTOR TONETTO MARQUES                  RUA SILVESTRE VASCONCELOS CALMON ,486   VILA PEDRO MORE07020001      GUARULHOSSP0000000000000000                                        000                            
7560001300179R 01000000000000000000000000000000000000000000000000105062024000000000000653                                                                                                              0000000000000000 000000000000  0         
7560001300180S 013                                                                                                                                                                                                                              
7560001300181P 010563100000020064454 000026846501011     10 224235520610000001006202400000000002600000000 02A23052024110062024000000000000009000000000000000000000000000000000000000000000000000000                         1000   090000000000 
7560001300182Q 011000029578120885JULIANA MARIA DE OLIVEIRA               RUA CARLOS MALHEIRO DIAS ,308           VILA PIRITUBA  05170040      SAO PAULOSP0000000000000000                                        000                            
7560001300183R 01000000000000000000000000000000000000000000000000110062024000000000000520                                                                                                              0000000000000000 000000000000  0         
7560001300184S 013                                                                                                                                                                                                                              
75600015         00004600004600000000001262724000000000000000000000000000000000000000000000000000000000000000000000                                                                                                                             
75699999         000001000046000000                                                                                                                                                                                                             