75600000         219895217000135                    0563100000020064454 IWS CURSOS DE IDIOMAS LTDA    SICOOB                                  10212202411241400000108100000                                                                     
75600011R01  040 2019895217000135                    0563100000020064454 IWS CURSOS DE IDIOMAS LTDA                                                                                    000048300212202400000000                                 
7560001300001P 010563100000020064454 000028878901011     10 224376421080000003012202400000000002670000000 02A02122024130122024000000000000009000000000000000000000000000000000000000000000000000000                         1000   090000000000 
7560001300002Q 011000048444666823ALYSON VINICIUS FREITAS DOS SANTOS      RUA CATUIPE ,345                        CIDADE BRASIL  07052200      GUARULHOSSP0000000000000000                                        000                            
7560001300003R 01000000000000000000000000000000000000000000000000130122024000000000000534                                                                                                              0000000000000000 000000000000  0         
7560001300004S 013                                                                                                                                                                                                                              
7560001300005P 010563100000020064454 000028879601011     10 224261719500000003012202400000000002100000000 02A02122024130122024000000000000007000000000000000000000000000000000000000000000000000000                         1000   090000000000 
7560001300006Q 011000044237668843AMERICO RICARDO COUTINHO DIAS           RUA CABO JOAO TERUEL FREGONI ,307       PONTE GRANDE   07032000      GUARULHOSSP0000000000000000                                        000                            
7560001300007R 01000000000000000000000000000000000000000000000000130122024000000000000420                                                                                                              0000000000000000 000000000000  0         
7560001300008S 013                                                                                                                                                                                                                              
7560001300009P 010563100000020064454 000028880401011     10 223962018960000003012202400000000002544000000 02A02122024130122024000000000000008000000000000000000000000000000000000000000000000000000                         1000   090000000000 
7560001300010Q 011000013037278897NORMA SUELY COUTO SANTANA               AVENIDA BARTHOLOMEU DE CARLOS ,901      JARDIM FLOR DA 07097420      GUARULHOSSP0000000000000000                                        000                            
7560001300011R 01000000000000000000000000000000000000000000000000130122024000000000000509                                                                                                              0000000000000000 000000000000  0         
7560001300012S 013                                                                                                                                                                                                                              
7560001300013P 010563100000020064454 000028881101011     10 224308011630000002012202400000000003707900000 02A02122024120122024000000000000012000000000000000000000000000000000000000000000000000000                         1000   090000000000 
7560001300014Q 011000047950320842ANA CLARA DE SOUZA RODRIGUES            RUA ENDRES ,973                         VILA DAS BANDEI07043000      GUARULHOSSP0000000000000000                                        000                            
7560001300015R 01000000000000000000000000000000000000000000000000120122024000000000000742                                                                                                              0000000000000000 000000000000  0         
7560001300016S 013                                                                                                                                                                                                                              
7560001300017P 010563100000020064454 000028882901011     10 223956419740000002512202400000000001800000000 02A02122024125122024000000000000006000000000000000000000000000000000000000000000000000000                         1000   090000000000 
7560001300018Q 011000028682214830MARCIA SILVA BONFIM DE SOUZA            RUA ITAVERAVA ,201                      CAMARGOS       07111040      GUARULHOSSP0000000000000000                                        000                            
7560001300019R 01000000000000000000000000000000000000000000000000125122024000000000000360                                                                                                              0000000000000000 000000000000  0         
7560001300020S 013                                                                                                                                                                                                                              
7560001300021P 010563100000020064454 000028883601011     10 224424821310000001512202400000000003300000000 02A02122024115122024000000000000011000000000000000000000000000000000000000000000000000000                         1000   090000000000 
7560001300022Q 011000006121146435GRACIELA RAULICKIS                      RUA SAO QUIRINO ,55                     VILA GUILHERME 02056070      SAO PAULOSP0000000000000000                                        000                            
7560001300023R 01000000000000000000000000000000000000000000000000115122024000000000000660                                                                                                              0000000000000000 000000000000  0         
7560001300024S 013                                                                                                                                                                                                                              
7560001300025P 010563100000020064454 000028884301011     10 224375221070000003012202400000000002300000000 02A02122024130122024000000000000008000000000000000000000000000000000000000000000000000000                         1000   090000000000 
7560001300026Q 011000022943219878CINTIA REGINA DE FREITAS                ESTRADA DO SABAO ,1018                  JARDIM DORALY  07075270      GUARULHOSSP0000000000000000                                        000                            
7560001300027R 01000000000000000000000000000000000000000000000000130122024000000000000460                                                                                                              0000000000000000 000000000000  0         
7560001300028S 013                                                                                                                                                                                                                              
7560001300029P 010563100000020064454 000028885001011     10 224266572000000002512202400000000003955100000 02A02122024125122024000000000000013000000000000000000000000000000000000000000000000000000                         1000   090000000000 
7560001300030Q 011000033774740801BRUNA BRITO DE MIRANDA                  RUA MOURAD ,53                          VILA RIO DE JAN07124011      GUARULHOSSP0000000000000000                                        000                            
7560001300031R 01000000000000000000000000000000000000000000000000125122024000000000000791                                                                                                              0000000000000000 000000000000  0         
7560001300032S 013                                                                                                                                                                                                                              
7560001300033P 010563100000020064454 000028886801011     10 224270119490000003012202400000000002100000000 02A02122024130122024000000000000007000000000000000000000000000000000000000000000000000000                         1000   090000000000 
7560001300034Q 011000045242750880CAMILA CARVALHO BARBOSA NEVES DIAS      RUA CABO JOAO TERUEL FREGONI ,307       PONTE GRANDE   07032000      GUARULHOSSP0000000000000000                                        000                            
7560001300035R 01000000000000000000000000000000000000000000000000130122024000000000000420                                                                                                              0000000000000000 000000000000  0         
7560001300036S 013                                                                                                                                                                                                                              
7560001300037P 010563100000020064454 000028887501011     10 224044719830000002012202400000000002500000000 02A02122024120122024000000000000008000000000000000000000000000000000000000000000000000000                         1000   090000000000 
7560001300038Q 011000044504887843CAMILA SILVA BARCELOS                   RUA UNIAO ,36                           VALE DOS MACHAD07082660      GUARULHOSSP0000000000000000                                        000                            
7560001300039R 01000000000000000000000000000000000000000000000000120122024000000000000500                                                                                                              0000000000000000 000000000000  0         
7560001300040S 013                                                                                                                                                                                                                              
7560001300041P 010563100000020064454 000028888201011     10 223975216330000001512202400000000001908000000 02A02122024115122024000000000000006000000000000000000000000000000000000000000000000000000                         1000   090000000000 
7560001300042Q 011000030578064812CLEBER ROBERTO BERGER                   PRACA CAPITAO ALBERTO MENDES JUNIO,71   CENTRO         07012031      GUARULHOSSP0000000000000000                                        000                            
7560001300043R 01000000000000000000000000000000000000000000000000115122024000000000000382                                                                                                              0000000000000000 000000000000  0         
7560001300044S 013                                                                                                                                                                                                                              
7560001300045P 010563100000020064454 000028889001011     10 224413421270000001512202400000000002500000000 02A02122024115122024000000000000008000000000000000000000000000000000000000000000000000000                         1000   090000000000 
7560001300046Q 011000028048739860MARCELO DORNAS PANHOTTA NEVES           RUA ANTONIO RABELLO ,50                 JARDIM ALIANCA 07063080      GUARULHOSSP0000000000000000                                        000                            
7560001300047R 01000000000000000000000000000000000000000000000000115122024000000000000500                                                                                                              0000000000000000 000000000000  0         
7560001300048S 013                                                                                                                                                                                                                              
7560001300049P 010563100000020064454 000028890801011     10 224064370000000003012202400000000003370800000 02A02122024130122024000000000000011000000000000000000000000000000000000000000000000000000                         1000   090000000000 
7560001300050Q 011000021472802837DAYANE FEITOSA LIMA                     AVENIDA PRESIDENTE TANCREDO DE ALMEI,669MACEDO         07112070      GUARULHOSSP0000000000000000                                        000                            
7560001300051R 01000000000000000000000000000000000000000000000000130122024000000000000674                                                                                                              0000000000000000 000000000000  0         
7560001300052S 013                                                                                                                                                                                                                              
7560001300053P 010563100000020064454 000028891501011     10 223910614300000003112202400000000003850300000 02A02122024131122024000000000000013000000000000000000000000000000000000000000000000000000                         1000   090000000000 
7560001300054Q 011000041922650870DEBORA SIQUEIRA DA SILVA                RUA MATAHICHI MORIKYO ,150              JARDIM TOSCANA 07121350      GUARULHOSSP0000000000000000                                        000                            
7560001300055R 01000000000000000000000000000000000000000000000000131122024000000000000770                                                                                                              0000000000000000 000000000000  0         
7560001300056S 013                                                                                                                                                                                                                              
7560001300057P 010563100000020064454 000028892201011     10 224126420150000002012202400000000001990000000 02A02122024120122024000000000000007000000000000000000000000000000000000000000000000000000                         1000   090000000000 
7560001300058Q 011000018352738828SILVIA CRISTINA DE SOUZA                AVENIDA ROTARY ,680                     VILA DAS BANDEI07042000      GUARULHOSSP0000000000000000                                        000                            
7560001300059R 01000000000000000000000000000000000000000000000000120122024000000000000398                                                                                                              0000000000000000 000000000000  0         
7560001300060S 013                                                                                                                                                                                                                              
7560001300061P 010563100000020064454 000028893001011     10 224310415600000001512202400000000002809000000 02A02122024115122024000000000000009000000000000000000000000000000000000000000000000000000                         1000   090000000000 
7560001300062Q 011000036374365828DRIELE PINHEIRO SANTOS                  RUA NATERCIA ,161                       VILA NOVA BONSU07176340      GUARULHOSSP0000000000000000                                        000                            
7560001300063R 01000000000000000000000000000000000000000000000000115122024000000000000562                                                                                                              0000000000000000 000000000000  0         
7560001300064S 013                                                                                                                                                                                                                              
7560001300065P 010563100000020064454 000028894701011     10 223980018980000001512202400000000002109400000 02A02122024115122024000000000000007000000000000000000000000000000000000000000000000000000                         1000   090000000000 
7560001300066Q 011000032297933827THALITA ALESSANDRA DE SOUZA             RUA ANTONIO GOMES ,135                  VILA SANTO ANTO07093090      GUARULHOSSP0000000000000000                                        000                            
7560001300067R 01000000000000000000000000000000000000000000000000115122024000000000000422                                                                                                              0000000000000000 000000000000  0         
7560001300068S 013                                                                                                                                                                                                                              
7560001300069P 010563100000020064454 000028895401011     10 224188094200000002512202400000000006500000000 02A02122024125122024000000000000021000000000000000000000000000000000000000000000000000000                         1000   090000000000 
7560001300070Q 011000015450028865ELISABETE JOIA MINELLI CAMPOS           RUA CABO JOAO TERUEL FREGONI ,307       PONTE GRANDE   07032000      GUARULHOSSP0000000000000000                                        000                            
7560001300071R 01000000000000000000000000000000000000000000000000125122024000000000001300                                                                                                              0000000000000000 000000000000  0         
7560001300072S 013                                                                                                                                                                                                                              
7560001300073P 010563100000020064454 000028896101011     10 223983618430000002012202400000000001908000000 02A02122024120122024000000000000006000000000000000000000000000000000000000000000000000000                         1000   090000000000 
7560001300074Q 011000021895277833ERIC HENRIQUE VASCONCELLOS SANTOS       RUA CONEGO VALADAO ,161                 GOPOUVA        07040000      GUARULHOSSP0000000000000000                                        000                            
7560001300075R 01000000000000000000000000000000000000000000000000120122024000000000000382                                                                                                              0000000000000000 000000000000  0         
7560001300076S 013                                                                                                                                                                                                                              
7560001300077P 010563100000020064454 000028897901011     10 224170312400000001512202400000000003150000000 02A02122024115122024000000000000010000000000000000000000000000000000000000000000000000000                         1000   090000000000 
7560001300078Q 011000052522627805ERIC VINICIUS DA SILVA MARTINS          RUA NIDIA ,221                          CIDADE PARQUE A07242400      GUARULHOSSP0000000000000000                                        000                            
7560001300079R 01000000000000000000000000000000000000000000000000115122024000000000000630                                                                                                              0000000000000000 000000000000  0         
7560001300080S 013                                                                                                                                                                                                                              
7560001300081P 010563100000020064454 000028898601011     10 224423112400000001512202400000000000500000000 02A02122024115122024000000000000002000000000000000000000000000000000000000000000000000000                         1000   090000000000 
7560001300082Q 011000052522627805ERIC VINICIUS DA SILVA MARTINS          RUA NIDIA ,221                          CIDADE PARQUE A07242400      GUARULHOSSP0000000000000000                                        000                            
7560001300083R 01000000000000000000000000000000000000000000000000115122024000000000000100                                                                                                              0000000000000000 000000000000  0         
7560001300084S 013                                                                                                                                                                                                                              
7560001300085P 010563100000020064454 000028899301011     10 223984818940000002012202400000000002544000000 02A02122024120122024000000000000008000000000000000000000000000000000000000000000000000000                         1000   090000000000 
7560001300086Q 011000032198572800EVANDRO CARDOSO SOUZA                   RUA SANTA IZABEL ,329                   VILA AUGUSTA   07023022      GUARULHOSSP0000000000000000                                        000                            
7560001300087R 01000000000000000000000000000000000000000000000000120122024000000000000509                                                                                                              0000000000000000 000000000000  0         
7560001300088S 013                                                                                                                                                                                                                              
7560001300089P 010563100000020064454 000028900701011     10 223986018940000002012202400000000002544000000 02A02122024120122024000000000000008000000000000000000000000000000000000000000000000000000                         1000   090000000000 
7560001300090Q 011000032198572800EVANDRO CARDOSO SOUZA                   RUA SANTA IZABEL ,329                   VILA AUGUSTA   07023022      GUARULHOSSP0000000000000000                                        000                            
7560001300091R 01000000000000000000000000000000000000000000000000120122024000000000000509                                                                                                              0000000000000000 000000000000  0         
7560001300092S 013                                                                                                                                                                                                                              
7560001300093P 010563100000020064454 000028901401011     10 223913013190000001512202400000000006572000000 02A02122024115122024000000000000022000000000000000000000000000000000000000000000000000000                         1000   090000000000 
7560001300094Q 011000027899694850EVANDRO DE SANTANA CAVICCHIO            RUA TOCANTINOPOLIS ,645                 JARDIM IPORANGA07124100      GUARULHOSSP0000000000000000                                        000                            
7560001300095R 01000000000000000000000000000000000000000000000000115122024000000000001314                                                                                                              0000000000000000 000000000000  0         
7560001300096S 013                                                                                                                                                                                                                              
7560001300097P 010563100000020064454 000028902101011     10 224271315580000002012202400000000003089900000 02A02122024120122024000000000000010000000000000000000000000000000000000000000000000000000                         1000   090000000000 
7560001300098Q 011000029368330867FABIO JURCZYSZYN                        AVENIDA MARIA ESTELA ,197               JARDIM MARIA ES04180010      SAO PAULOSP0000000000000000                                        000                            
7560001300099R 01000000000000000000000000000000000000000000000000120122024000000000000618                                                                                                              0000000000000000 000000000000  0         
7560001300100S 013                                                                                                                                                                                                                              
7560001300101P 010563100000020064454 000028903901011     10 223987218470000002012202400000000002056400000 02A02122024120122024000000000000007000000000000000000000000000000000000000000000000000000                         1000   090000000000 
7560001300102Q 011000021895277833ERIC HENRIQUE VASCONCELLOS SANTOS       RUA CONEGO VALADAO ,161                 GOPOUVA        07040000      GUARULHOSSP0000000000000000                                        000                            
7560001300103R 01000000000000000000000000000000000000000000000000120122024000000000000411                                                                                                              0000000000000000 000000000000  0         
7560001300104S 013                                                                                                                                                                                                                              
7560001300105P 010563100000020064454 000028904601011     10 224256920650000001512202400000000003700000000 02A02122024115122024000000000000012000000000000000000000000000000000000000000000000000000                         1000   090000000000 
7560001300106Q 011000032100160893FERNANDA GHIRALDI NOBRE                 RUA DOUTOR ELOY CHAVES ,273             VILA SOROCABANA07024181      GUARULHOSSP0000000000000000                                        000                            
7560001300107R 01000000000000000000000000000000000000000000000000115122024000000000000740                                                                                                              0000000000000000 000000000000  0         
7560001300108S 013                                                                                                                                                                                                                              
7560001300109P 010563100000020064454 000028905301011     10 224398218030000002512202400000000008359600000 02A02122024125122024000000000000028000000000000000000000000000000000000000000000000000000                         1000   090000000000 
7560001300110Q 011000035707793860FRANCINE RAMONEDA NUNES DOS SANTOS      RUA CHIARA LUBICH ,371                  JARDIM ERMIDA I13212117        JUNDIAISP0000000000000000                                        000                            
7560001300111R 01000000000000000000000000000000000000000000000000125122024000000000001672                                                                                                              0000000000000000 000000000000  0         
7560001300112S 013                                                                                                                                                                                                                              
7560001300113P 010563100000020064454 000028906001011     10 224205615280000001512202400000000002400000000 02A02122024115122024000000000000008000000000000000000000000000000000000000000000000000000                         1000   090000000000 
7560001300114Q 011000031112058869MARCIA ROSA DE ARRUDA                   AVENIDA SALGADO FILHO ,3938             CENTRO         07115000      GUARULHOSSP0000000000000000                                        000                            
7560001300115R 01000000000000000000000000000000000000000000000000115122024000000000000480                                                                                                              0000000000000000 000000000000  0         
7560001300116S 013                                                                                                                                                                                                                              
7560001300117P 010563100000020064454 000028907801011     10 224149317040000001512202400000000001977500000 02A02122024115122024000000000000007000000000000000000000000000000000000000000000000000000                         1000   090000000000 
7560001300118Q 011000016027907878MARCIA SAPATA DA SILVA                  RUA NARAIN SINGH LUSCHINI ,149          PARQUE CONTINEN07085010      GUARULHOSSP0000000000000000                                        000                            
7560001300119R 01000000000000000000000000000000000000000000000000115122024000000000000396                                                                                                              0000000000000000 000000000000  0         
7560001300120S 013                                                                                                                                                                                                                              
7560001300121P 010563100000020064454 000028908501011     10 224378021090000003012202400000000002300000000 02A02122024130122024000000000000008000000000000000000000000000000000000000000000000000000                         1000   090000000000 
7560001300122Q 011000029447536816JANAINE CIRILA SILVA                    RUA MARIA ZINTL ,297                    COCAIA         07121390      GUARULHOSSP0000000000000000                                        000                            
7560001300123R 01000000000000000000000000000000000000000000000000130122024000000000000460                                                                                                              0000000000000000 000000000000  0         
7560001300124S 013                                                                                                                                                                                                                              
7560001300125P 010563100000020064454 000028909201011     10 223917818130000002512202400000000001898500000 02A02122024125122024000000000000006000000000000000000000000000000000000000000000000000000                         1000   090000000000 
7560001300126Q 011000028682214830MARCIA SILVA BONFIM DE SOUZA            RUA ITAVERAVA ,201                      CAMARGOS       07111040      GUARULHOSSP0000000000000000                                        000                            
7560001300127R 01000000000000000000000000000000000000000000000000125122024000000000000380                                                                                                              0000000000000000 000000000000  0         
7560001300128S 013                                                                                                                                                                                                                              
7560001300129P 010563100000020064454 000028910001011     10 224301820740000003012202400000000007040000000 02A02122024130122024000000000000023000000000000000000000000000000000000000000000000000000                         1000   090000000000 
7560001300130Q 011000022974269842GRACIELLE DE SOUSA ANDRADE              AVENIDA TIRADENTES ,00                  JARDIM GUARULHO07090000      GUARULHOSSP0000000000000000                                        000                            
7560001300131R 01000000000000000000000000000000000000000000000000130122024000000000001408                                                                                                              0000000000000000 000000000000  0         
7560001300132S 013                                                                                                                                                                                                                              
7560001300133P 010563100000020064454 000028911801011     10 223881812500000002512202400000000004081000000 02A02122024125122024000000000000013000000000000000000000000000000000000000000000000000000                         1000   090000000000 
7560001300134Q 011000042566921857GUSTAVO SALES SANCHES                   RUA LEON DINIZ ,146                     JARDIM TRANQUIL07054070      GUARULHOSSP0000000000000000                                        000                            
7560001300135R 01000000000000000000000000000000000000000000000000125122024000000000000816                                                                                                              0000000000000000 000000000000  0         
7560001300136S 013                                                                                                                                                                                                                              
7560001300137P 010563100000020064454 000028912501011     10 223995616110000002512202400000000002320300000 02A02122024125122024000000000000008000000000000000000000000000000000000000000000000000000                         1000   090000000000 
7560001300138Q 011000016059959830SILVANA FERREIRA DAMACENA               RUA MARIO LUIZ MACCA ,309               JARDIM PONTE AL07179130      GUARULHOSSP0000000000000000                                        000                            
7560001300139R 01000000000000000000000000000000000000000000000000125122024000000000000464                                                                                                              0000000000000000 000000000000  0         
7560001300140S 013                                                                                                                                                                                                                              
7560001300141P 010563100000020064454 000028913201011     10 224077519030000001512202400000000001590000000 02A02122024115122024000000000000005000000000000000000000000000000000000000000000000000000                         1000   090000000000 
7560001300142Q 011000032297933827THALITA ALESSANDRA DE SOUZA             RUA ANTONIO GOMES ,135                  VILA SANTO ANTO07093090      GUARULHOSSP0000000000000000                                        000                            
7560001300143R 01000000000000000000000000000000000000000000000000115122024000000000000318                                                                                                              0000000000000000 000000000000  0         
7560001300144S 013                                                                                                                                                                                                                              
7560001300145P 010563100000020064454 000028914001011     10 224349420850000001512202400000000002100000000 02A02122024115122024000000000000007000000000000000000000000000000000000000000000000000000                         1000   090000000000 
7560001300146Q 011000028048739860MARCELO DORNAS PANHOTTA NEVES           RUA ANTONIO RABELLO ,50                 JARDIM ALIANCA 07063080      GUARULHOSSP0000000000000000                                        000                            
7560001300147R 01000000000000000000000000000000000000000000000000115122024000000000000420                                                                                                              0000000000000000 000000000000  0         
7560001300148S 013                                                                                                                                                                                                                              
7560001300149P 010563100000020064454 000028915701011     10 224385521140000003012202400000000002870000000 02A02122024130122024000000000000009000000000000000000000000000000000000000000000000000000                         1000   090000000000 
7560001300150Q 011000031906088810JEZABEL ROSA MORAES HOLANDA             TRAVESSA SAO FIDELIS ,140               VILA ROSALIA   07064032      GUARULHOSSP0000000000000000                                        000                            
7560001300151R 01000000000000000000000000000000000000000000000000130122024000000000000574                                                                                                              0000000000000000 000000000000  0         
7560001300152S 013                                                                                                                                                                                                                              
7560001300153P 010563100000020064454 000028916401011     10 223926295000000002512202400000000002425300000 02A02122024125122024000000000000008000000000000000000000000000000000000000000000000000000                         1000   090000000000 
7560001300154Q 011000009304309808JOAO GABRIEL ZUANETTI                   RUA DOM JOAO ,86                        JARDIM TEREZOPO07082073     ADAMANTINASP0000000000000000                                        000                            
7560001300155R 01000000000000000000000000000000000000000000000000125122024000000000000485                                                                                                              0000000000000000 000000000000  0         
7560001300156S 013                                                                                                                                                                                                                              
7560001300157P 010563100000020064454 000028917101011     10 223884218380000003112202400000000003500000000 02A02122024131122024000000000000012000000000000000000000000000000000000000000000000000000                         1000   090000000000 
7560001300158Q 011000042637520582JOSE LUCIANO TRANZILLO DOS SANTOS       RUA CABO JOAO TERUEL FREGONI ,307       PONTE GRANDE   07032000      GUARULHOSSP0000000000000000                                        000                            
7560001300159R 01000000000000000000000000000000000000000000000000131122024000000000000700                                                                                                              0000000000000000 000000000000  0         
7560001300160S 013                                                                                                                                                                                                                              
7560001300161P 010563100000020064454 000028918901011     10 224001614760000002012202400000000003150000000 02A02122024120122024000000000000010000000000000000000000000000000000000000000000000000000                         1000   090000000000 
7560001300162Q 011000043062398884KARINE ARAUJO DOS ANJOS                 RUA DONA ANTONIA ,269                   VILA DAS PALMEI07021000      GUARULHOSSP0000000000000000                                        000                            
7560001300163R 01000000000000000000000000000000000000000000000000120122024000000000000630                                                                                                              0000000000000000 000000000000  0         
7560001300164S 013                                                                                                                                                                                                                              
7560001300165P 010563100000020064454 000028919601011     10 224382121120000001512202400000000003680000000 02A02122024115122024000000000000012000000000000000000000000000000000000000000000000000000                         1000   090000000000 
7560001300166Q 011000018600076862CAYO PARDOS LASTIRI                     AVENIDA AVELINO ALVES MACHADO ,561      JARDIM PINHAL  07120000      GUARULHOSSP0000000000000000                                        000                            
7560001300167R 01000000000000000000000000000000000000000000000000115122024000000000000736                                                                                                              0000000000000000 000000000000  0         
7560001300168S 013                                                                                                                                                                                                                              
7560001300169P 010563100000020064454 000028920401011     10 224163020220000002012202400000000002500000000 02A02122024120122024000000000000008000000000000000000000000000000000000000000000000000000                         1000   090000000000 
7560001300170Q 011000038692878880LAIS NATACHA DE ARAUJO FUJITA           RUA MINISTRO BARROS PIMENTEL ,00        PARQUE MARIA LU03451130      SAO PAULOSP0000000000000000                                        000                            
7560001300171R 01000000000000000000000000000000000000000000000000120122024000000000000500                                                                                                              0000000000000000 000000000000  0         
7560001300172S 013                                                                                                                                                                                                                              
7560001300173P 010563100000020064454 000028921101011     10 224384221130000003012202400000000003870000000 02A02122024130122024000000000000013000000000000000000000000000000000000000000000000000000                         1000   090000000000 
7560001300174Q 011000042656568897LAYANA BRITO LIMA                       RUA ERNESTO DE CASTRO ,139              BRAS           03042010      SAO PAULOSP0000000000000000                                        000                            
7560001300175R 01000000000000000000000000000000000000000000000000130122024000000000000774                                                                                                              0000000000000000 000000000000  0         
7560001300176S 013                                                                                                                                                                                                                              
7560001300177P 010563100000020064454 000028922901011     10 224229220540000001512202400000000003200000000 02A02122024115122024000000000000011000000000000000000000000000000000000000000000000000000                         1000   090000000000 
7560001300178Q 011000033338296819LEIDIANE DOS SANTOS GOMES               RUA IBIRAJUBA ,487                      JARDIM MONTE CA07194000      GUARULHOSSP0000000000000000                                        000                            
7560001300179R 01000000000000000000000000000000000000000000000000115122024000000000000640                                                                                                              0000000000000000 000000000000  0         
7560001300180S 013                                                                                                                                                                                                                              
7560001300181P 010563100000020064454 000028923601011     10 224317619590000002012202400000000006360000000 02A02122024120122024000000000000021000000000000000000000000000000000000000000000000000000                         1000   090000000000 
7560001300182Q 011000027789099825DANIELA COLAPIETRO RODRIGUES            RUA CECILIA RODRIGUES SIQUEIRA ,        JARDIM CIDADE U58051830    JOAO PESSOAPB0000000000000000                                        000                            
7560001300183R 01000000000000000000000000000000000000000000000000120122024000000000001272                                                                                                              0000000000000000 000000000000  0         
7560001300184S 013                                                                                                                                                                                                                              
7560001300185P 010563100000020064454 000028924301011     10 223890215830000001512202400000000006996000000 02A02122024115122024000000000000023000000000000000000000000000000000000000000000000000000                         1000   090000000000 
7560001300186Q 011000024985557811VIVIANE MAGLIANO                        RUA CATAO ,626                          VILA ROMANA    05049000      SAO PAULOSP0000000000000000                                        000                            
7560001300187R 01000000000000000000000000000000000000000000000000115122024000000000001399                                                                                                              0000000000000000 000000000000  0         
7560001300188S 013                                                                                                                                                                                                                              
7560001300189P 010563100000020064454 000028925001011     10 224297320720000003012202400000000003432000000 02A02122024130122024000000000000011000000000000000000000000000000000000000000000000000000                         1000   090000000000 
7560001300190Q 011000010402298918LUIGI SILVA FILIPPETTO                  RUA BELA CINTRA ,1450                   CONSOLACAO     01415004      SAO PAULOSP0000000000000000                                        000                            
7560001300191R 01000000000000000000000000000000000000000000000000130122024000000000000686                                                                                                              0000000000000000 000000000000  0         
7560001300192S 013                                                                                                                                                                                                                              
7560001300193P 010563100000020064454 000028926801011     10 224434521400000001512202400000000002870000000 02A02122024115122024000000000000009000000000000000000000000000000000000000000000000000000                         1000   090000000000 
7560001300194Q 011000040723827877MARCEL DE FREITAS SANTOS                AVENIDA EMILIO RIBAS ,905               JARDIM TIJUCO  07020010      GUARULHOSSP0000000000000000                                        000                            
7560001300195R 01000000000000000000000000000000000000000000000000115122024000000000000574                                                                                                              0000000000000000 000000000000  0         
7560001300196S 013                                                                                                                                                                                                                              
7560001300197P 010563100000020064454 000028927501011     10 224467221400000003012202400000000000750000000 02A02122024130122024000000000000002000000000000000000000000000000000000000000000000000000                         1000   090000000000 
7560001300198Q 011000040723827877MARCEL DE FREITAS SANTOS                AVENIDA EMILIO RIBAS ,905               JARDIM TIJUCO  07020010      GUARULHOSSP0000000000000000                                        000                            
7560001300199R 01000000000000000000000000000000000000000000000000130122024000000000000150                                                                                                              0000000000000000 000000000000  0         
7560001300200S 013                                                                                                                                                                                                                              
7560001300201P 010563100000020064454 000028928201011     10 224284535400000002012202400000000002699300000 02A02122024120122024000000000000009000000000000000000000000000000000000000000000000000000                         1000   090000000000 
7560001300202Q 011000021920881832MARCELO DA SILVA FREIRE                 RUA CONSUL ORESTES CORREA ,383          MACEDO         07197040      GUARULHOSSP0000000000000000                                        000                            
7560001300203R 01000000000000000000000000000000000000000000000000120122024000000000000540                                                                                                              0000000000000000 000000000000  0         
7560001300204S 013                                                                                                                                                                                                                              
7560001300205P 010563100000020064454 000028929001011     10 224007616170000002012202400000000002320300000 02A02122024120122024000000000000008000000000000000000000000000000000000000000000000000000                         1000   090000000000 
7560001300206Q 011000025095916819EDUARDO ALMEIDA ALENCAR ARRAIS          RUA MIGUEL BIONDI ,82                   JARDIM ALIANCA 07060080      GUARULHOSSP0000000000000000                                        000                            
7560001300207R 01000000000000000000000000000000000000000000000000120122024000000000000464                                                                                                              0000000000000000 000000000000  0         
7560001300208S 013                                                                                                                                                                                                                              
7560001300209P 010563100000020064454 000028930801011     10 224357814480000003012202400000000002120000000 02A02122024130122024000000000000007000000000000000000000000000000000000000000000000000000                         1000   090000000000 
7560001300210Q 011000096218444600PATRICIA ALEXANDRINA DA SILVA MORAIS    RUA PRESIDENTE CASTELO BRANCO  ,137     CENTRO         37240000     LUMINARIASMG0000000000000000                                        000                            
7560001300211R 01000000000000000000000000000000000000000000000000130122024000000000000424                                                                                                              0000000000000000 000000000000  0         
7560001300212S 013                                                                                                                                                                                                                              
7560001300213P 010563100000020064454 000028931501011     10 224458121530000003012202400000000002470000000 02A02122024130122024000000000000008000000000000000000000000000000000000000000000000000000                         1000   090000000000 
7560001300214Q 011000064095061804MARIA CARNEIRO DE ANDRADE               RUA TERCEIRO-SARGENTO-AERONAUTICA F,80  JARDIM SANTA ME07096240      GUARULHOSSP0000000000000000                                        000                            
7560001300215R 01000000000000000000000000000000000000000000000000130122024000000000000494                                                                                                              0000000000000000 000000000000  0         
7560001300216S 013                                                                                                                                                                                                                              
7560001300217P 010563100000020064454 000028932201011     10 224459321530000001512202400000000000750000000 02A02122024115122024000000000000002000000000000000000000000000000000000000000000000000000                         1000   090000000000 
7560001300218Q 011000064095061804MARIA CARNEIRO DE ANDRADE               RUA TERCEIRO-SARGENTO-AERONAUTICA F,80  JARDIM SANTA ME07096240      GUARULHOSSP0000000000000000                                        000                            
7560001300219R 01000000000000000000000000000000000000000000000000115122024000000000000150                                                                                                              0000000000000000 000000000000  0         
7560001300220S 013                                                                                                                                                                                                                              
7560001300221P 010563100000020064454 000028933001011     10 224101319930000001512202400000000001900000000 02A02122024115122024000000000000006000000000000000000000000000000000000000000000000000000                         1000   090000000000 
7560001300222Q 011000016909083865CATIA CIRLENE DE OLIVEIRA SANTOS        RUA ANUNCIATA ZACARDI CERCONI ,34       JARDIM VALERIA 07124545      GUARULHOSSP0000000000000000                                        000                            
7560001300223R 01000000000000000000000000000000000000000000000000115122024000000000000380                                                                                                              0000000000000000 000000000000  0         
7560001300224S 013                                                                                                                                                                                                                              
7560001300225P 010563100000020064454 000028934701011     10 224098937600000002012202400000000002500000000 02A02122024120122024000000000000008000000000000000000000000000000000000000000000000000000                         1000   090000000000 
7560001300226Q 011000031073432858MARIA ISABEL OLIVEIRA HAYASHI           RUA ANTONIO GOMES ,132                  VILA SANTO ANTO07093090      GUARULHOSSP0000000000000000                                        000                            
7560001300227R 01000000000000000000000000000000000000000000000000120122024000000000000500                                                                                                              0000000000000000 000000000000  0         
7560001300228S 013                                                                                                                                                                                                                              
7560001300229P 010563100000020064454 000028935401011     10 224334920770000002012202400000000003450000000 02A02122024120122024000000000000011000000000000000000000000000000000000000000000000000000                         1000   090000000000 
7560001300230Q 011000027757867827MIRIAN FREIRE IWATA                     RUA ALBERTO HINOTO BENTO ,294           MACEDO         07197140      GUARULHOSSP0000000000000000                                        000                            
7560001300231R 01000000000000000000000000000000000000000000000000120122024000000000000690                                                                                                              0000000000000000 000000000000  0         
7560001300232S 013                                                                                                                                                                                                                              
7560001300233P 010563100000020064454 000028936101011     10 224185620380000001512202400000000001800000000 02A02122024115122024000000000000006000000000000000000000000000000000000000000000000000000                         1000   090000000000 
7560001300234Q 011000028048739860MARCELO DORNAS PANHOTTA NEVES           RUA ANTONIO RABELLO ,50                 JARDIM ALIANCA 07063080      GUARULHOSSP0000000000000000                                        000                            
7560001300235R 01000000000000000000000000000000000000000000000000115122024000000000000360                                                                                                              0000000000000000 000000000000  0         
7560001300236S 013                                                                                                                                                                                                                              
7560001300237P 010563100000020064454 000028937901011     10 224182620360000002012202400000000002870000000 02A02122024120122024000000000000009000000000000000000000000000000000000000000000000000000                         1000   090000000000 
7560001300238Q 011000036613110850NATALIA APARECIDA DE PAULA RIBEIRO      RUA ENDRES ,325                         VILA DAS BANDEI07043000      GUARULHOSSP0000000000000000                                        000                            
7560001300239R 01000000000000000000000000000000000000000000000000120122024000000000000574                                                                                                              0000000000000000 000000000000  0         
7560001300240S 013                                                                                                                                                                                                                              
7560001300241P 010563100000020064454 000028938601011     10 223941812580000002512202400000000004081000000 02A02122024125122024000000000000013000000000000000000000000000000000000000000000000000000                         1000   090000000000 
7560001300242Q 011000044218123829NATHALIA VIRGINIA GOMES                 RUA FERNANDO LUZ ,290                   AGUA CHATA     07251365      GUARULHOSSP0000000000000000                                        000                            
7560001300243R 01000000000000000000000000000000000000000000000000125122024000000000000816                                                                                                              0000000000000000 000000000000  0         
7560001300244S 013                                                                                                                                                                                                                              
7560001300245P 010563100000020064454 000028939301011     10 224184420370000001512202400000000002000000000 02A02122024115122024000000000000007000000000000000000000000000000000000000000000000000000                         1000   090000000000 
7560001300246Q 011000028048739860MARCELO DORNAS PANHOTTA NEVES           RUA ANTONIO RABELLO ,50                 JARDIM ALIANCA 07063080      GUARULHOSSP0000000000000000                                        000                            
7560001300247R 01000000000000000000000000000000000000000000000000115122024000000000000400                                                                                                              0000000000000000 000000000000  0         
7560001300248S 013                                                                                                                                                                                                                              
7560001300249P 010563100000020064454 000028940101011     10 224085919050000002512202400000000001908000000 02A02122024125122024000000000000006000000000000000000000000000000000000000000000000000000                         1000   090000000000 
7560001300250Q 011000027567853850CRISTIANE DORNAS PANHOTTA ARAUJO        RUA JOAO ARTONI ,170                    JARDIM TESTAE  07130510      GUARULHOSSP0000000000000000                                        000                            
7560001300251R 01000000000000000000000000000000000000000000000000125122024000000000000382                                                                                                              0000000000000000 000000000000  0         
7560001300252S 013                                                                                                                                                                                                                              
7560001300253P 010563100000020064454 000028941901011     10 224296120710000003012202400000000003432000000 02A02122024130122024000000000000011000000000000000000000000000000000000000000000000000000                         1000   090000000000 
7560001300254Q 011000005628080942RAPHAELA FILIPPETTO                     AVENIDA DOUTOR CARDOSO DE MELO ,841     VILA OLIMPIA   04548003      SAO PAULOSP0000000000000000                                        000                            
7560001300255R 01000000000000000000000000000000000000000000000000130122024000000000000686                                                                                                              0000000000000000 000000000000  0         
7560001300256S 013                                                                                                                                                                                                                              
7560001300257P 010563100000020064454 000028942601011     10 224463121540000003012202400000000000750000000 02A02122024130122024000000000000002000000000000000000000000000000000000000000000000000000                         1000   090000000000 
7560001300258Q 011000047770715881REBECA LOPES GOMES                      RUA HENRIQUE LUZ ,300                   EMBURA         04893017      SAO PAULOSP0000000000000000                                        000                            
7560001300259R 01000000000000000000000000000000000000000000000000130122024000000000000150                                                                                                              0000000000000000 000000000000  0         
7560001300260S 013                                                                                                                                                                                                                              
7560001300261P 010563100000020064454 000028943301011     10 223945412590000002512202400000000003710000000 02A02122024125122024000000000000012000000000000000000000000000000000000000000000000000000                         1000   090000000000 
7560001300262Q 011000041028268823RODRIGO SANTIEGO DA SILVA               RUA FERNANDO LUZ ,290                   AGUA CHATA     07251365      GUARULHOSSP0000000000000000                                        000                            
7560001300263R 01000000000000000000000000000000000000000000000000125122024000000000000742                                                                                                              0000000000000000 000000000000  0         
7560001300264S 013                                                                                                                                                                                                                              
7560001300265P 010563100000020064454 000028944001011     10 224407421190000001512202400000000003870000000 02A02122024115122024000000000000013000000000000000000000000000000000000000000000000000000                         1000   090000000000 
7560001300266Q 011000026557159852CRISTIANE JULIARI                       RUA LUZIA BALZANI ,102                  VILA MOREIRA   07020021      GUARULHOSSP0000000000000000                                        000                            
7560001300267R 01000000000000000000000000000000000000000000000000115122024000000000000774                                                                                                              0000000000000000 000000000000  0         
7560001300268S 013                                                                                                                                                                                                                              
7560001300269P 010563100000020064454 000028945801011     10 224225820520000002512202400000000001500000000 02A02122024125122024000000000000005000000000000000000000000000000000000000000000000000000                         1000   090000000000 
7560001300270Q 011000051428027807SOPHIA REIS MAIA                        RUA VALE DO CARIRI ,400                 VILA NOVA MAZZE02317060      SAO PAULOSP0000000000000000                                        000                            
7560001300271R 01000000000000000000000000000000000000000000000000125122024000000000000300                                                                                                              0000000000000000 000000000000  0         
7560001300272S 013                                                                                                                                                                                                                              
7560001300273P 010563100000020064454 000028946501011     10 223947854200000003112202400000000003850300000 02A02122024131122024000000000000013000000000000000000000000000000000000000000000000000000                         1000   090000000000 
7560001300274Q 011000018743687830TANIA CORREA DA SILVA                   RUA IPIOBUNA ,207                       JARDIM CUMBICA 07240040      GUARULHOSSP0000000000000000                                        000                            
7560001300275R 01000000000000000000000000000000000000000000000000131122024000000000000770                                                                                                              0000000000000000 000000000000  0         
7560001300276S 013                                                                                                                                                                                                                              
7560001300277P 010563100000020064454 000028947201011     10 224164420230000001512202400000000001500000000 02A02122024115122024000000000000005000000000000000000000000000000000000000000000000000000                         1000   090000000000 
7560001300278Q 011000052570518859VITOR VIEIRA ALBUQUERQUE                RUA NOSSA SENHORA MAE DOS HOMENS ,1153  VILA PROGRESSO 07091000      GUARULHOSSP0000000000000000                                        000                            
7560001300279R 01000000000000000000000000000000000000000000000000115122024000000000000300                                                                                                              0000000000000000 000000000000  0         
7560001300280S 013                                                                                                                                                                                                                              
7560001300281P 010563100000020064454 000028948001011     10 224403057200000002012202400000000003932600000 02A02122024120122024000000000000013000000000000000000000000000000000000000000000000000000                         1000   090000000000 
7560001300282Q 011000026425715804WALQUIRIA BATISTA DA SILVA              RUA AFONSO CUNHA ,1352                  JARDIM CUMBICA 07240370      GUARULHOSSP0000000000000000                                        000                            
7560001300283R 01000000000000000000000000000000000000000000000000120122024000000000000787                                                                                                              0000000000000000 000000000000  0         
7560001300284S 013                                                                                                                                                                                                                              
7560001300285P 010563100000020064454 000028949701011     10 224370721030000002012202400000000002670000000 02A02122024120122024000000000000009000000000000000000000000000000000000000000000000000000                         1000   090000000000 
7560001300286Q 011000054195109876WANESSA MORAES                          AVENIDA DAS MARGARIDAS ,55              CIDADE SOBERANA07161460      GUARULHOSSP0000000000000000                                        000                            
7560001300287R 01000000000000000000000000000000000000000000000000120122024000000000000534                                                                                                              0000000000000000 000000000000  0         
7560001300288S 013                                                                                                                                                                                                                              
7560001300289P 010563100000020064454 000028950501011     10 223953818560000001512202400000000002800000000 02A02122024115122024000000000000009000000000000000000000000000000000000000000000000000000                         1000   090000000000 
7560001300290Q 011000049482848829WEVERTON BATISTA DOS SANTOS             RUA CARLOS LEITE DOS SANTOS ,88         PARQUE ARARIBA 05778120      SAO PAULOSP0000000000000000                                        000                            
7560001300291R 01000000000000000000000000000000000000000000000000115122024000000000000560                                                                                                              0000000000000000 000000000000  0         
7560001300292S 013                                                                                                                                                                                                                              
75600015         00007300007300000000002166325000000000000000000000000000000000000000000000000000000000000000000000                                                                                                                             
75699999         000001000073000000                                                                                                                                                                                                             