75600000         219895217000135                    0563100000020064454 IWS CURSOS DE IDIOMAS LTDA    SICOOB                                  10810202410050400000108100000                                                                     
75600011R01  040 2019895217000135                    0563100000020064454 IWS CURSOS DE IDIOMAS LTDA                                                                                    000047730810202400000000                                 
7560001300001P 010563100000020064454 000028340001011     10 223990612770000002510202400000000003672900000 02A08102024125102024000000000000012000000000000000000000000000000000000000000000000000000                         1000   090000000000 
7560001300002Q 011000054691277889GABRIEL NOGUEIRA MARTINS ALVARENGA      RUA DOS FRANCESES ,498                  MORRO DOS INGLE01329010      SAO PAULOSP0000000000000000                                        000                            
7560001300003R 01000000000000000000000000000000000000000000000000125102024000000000000735                                                                                                              0000000000000000 000000000000  0         
7560001300004S 013                                                                                                                                                                                                                              
7560001300005P 010563100000020064454 000028341801011     10 223882813200000002010202400000000003710000000 02A08102024120102024000000000000012000000000000000000000000000000000000000000000000000000                         1000   090000000000 
7560001300006Q 011000014040948068HELOISA HELENA MONTEIRO KROMBERG        RUA DOS FRANCESES ,498 111 E            MORRO DOS INGLE01329010      SAO PAULOSP0000000000000000                                        000                            
7560001300007R 01000000000000000000000000000000000000000000000000120102024000000000000742                                                                                                              0000000000000000 000000000000  0         
7560001300008S 013                                                                                                                                                                                                                              
7560001300009P 010563100000020064454 000028342501011     10 223928448900000002010202400000000002796100000 02A08102024120102024000000000000009000000000000000000000000000000000000000000000000000000                         1000   090000000000 
7560001300010Q 011000048915085825JOYCE BOLOGNANI ROVERI                  AVENIDA DOM JAIME DE BARROS CAMARA ,715 PLANALTO       09895400SAO BERNARDO DOSP0000000000000000                                        000                            
7560001300011R 01000000000000000000000000000000000000000000000000120102024000000000000559                                                                                                              0000000000000000 000000000000  0         
7560001300012S 013                                                                                                                                                                                                                              
7560001300013P 010563100000020064454 000028343201011     10 224280711430000002010202400000000007420000000 02A08102024120102024000000000000024000000000000000000000000000000000000000000000000000000                         1000   090000000000 
7560001300014Q 011000053372620763LILIAN VALERIO MARTELLETO               RUA DOS FRANCESES ,498                  MORRO DOS INGLE01329010      SAO PAULOSP0000000000000000                                        000                            
7560001300015R 01000000000000000000000000000000000000000000000000120102024000000000001484                                                                                                              0000000000000000 000000000000  0         
7560001300016S 013                                                                                                                                                                                                                              
7560001300017P 010563100000020064454 000028344001011     10 223948813220000002010202400000000003428000000 02A08102024120102024000000000000011000000000000000000000000000000000000000000000000000000                         1000   090000000000 
7560001300018Q 011000000887279805THAIS FAE LAVAREDA DE SOUZA             RUA DOS HOLANDESES ,31 APT 51           MORRO DOS INGLE01329020      SAO PAULOSP0000000000000000                                        000                            
7560001300019R 01000000000000000000000000000000000000000000000000120102024000000000000686                                                                                                              0000000000000000 000000000000  0         
7560001300020S 013                                                                                                                                                                                                                              
75600015         00000500000500000000000210270000000000000000000000000000000000000000000000000000000000000000000000                                                                                                                             
75699999         000001000005000000                                                                                                                                                                                                             