75600000         232970660000191                    0563100000020098014 EDUULMC CURSOS DE IDIOMAS EIRESICOOB                                  11408202411433600000108100000                                                                     
75600011R01  040 2032970660000191                    0563100000020098014 EDUULMC CURSOS DE IDIOMAS EIRE                                                                                000046951408202400000000                                 
7560001300001P 010563100000020098014 000027727201011     10 224368721020000003008202400000000003872000000 02A14082024130082024000000000000013000000000000000000000000000000000000000000000000000000                         1000   090000000000 
7560001300002Q 011000007806315799 LUCIANA RIBEIRO ALVES                  ESTRADA SAO FRANCISCO , 2791            JARDIM WANDA   06765001TABOAO DA SERRASP0000000000000000                                        000                            
7560001300003R 01000000000000000000000000000000000000000000000000130082024000000000000774                                                                                                              0000000000000000 000000000000  0         
7560001300004S 013                                                                                                                                                                                                                              
7560001300005P 010563100000020098014 000027728001011     10 224369921020000003008202400000000002904000000 02A14082024130082024000000000000010000000000000000000000000000000000000000000000000000000                         1000   090000000000 
7560001300006Q 011000007806315799 LUCIANA RIBEIRO ALVES                  ESTRADA SAO FRANCISCO , 2791            JARDIM WANDA   06765001TABOAO DA SERRASP0000000000000000                                        000                            
7560001300007R 01000000000000000000000000000000000000000000000000130082024000000000000581                                                                                                              0000000000000000 000000000000  0         
7560001300008S 013                                                                                                                                                                                                                              
7560001300009P 010563100000020098014 000027729701011     10 223894519670000002508202400000000001780000000 02A14082024125082024000000000000006000000000000000000000000000000000000000000000000000000                         1000   090000000000 
7560001300010Q 011000042973398894ANNA JULIA DE PAULA ABREU               RUA SERRA DE BRAGANCA ,855              VILA GOMES CARD03318000      SAO PAULOSP0000000000000000                                        000                            
7560001300011R 01000000000000000000000000000000000000000000000000125082024000000000000356                                                                                                              0000000000000000 000000000000  0         
7560001300012S 013                                                                                                                                                                                                                              
7560001300013P 010563100000020098014 000027730501011     10 223820714490000002508202400000000006644100000 02A14082024125082024000000000000022000000000000000000000000000000000000000000000000000000                         1000   090000000000 
7560001300014Q 011000047364370811BARBARA PINTO PEINADOR GARCIA           RUA NAGIB IZAR ,357 (CASA)              JARDIM ANALIA F03337070      SAO PAULOSP0000000000000000                                        000                            
7560001300015R 01000000000000000000000000000000000000000000000000125082024000000000001329                                                                                                              0000000000000000 000000000000  0         
7560001300016S 013                                                                                                                                                                                                                              
7560001300017P 010563100000020098014 000027731201011     10 224263719480000002508202400000000002120000000 02A14082024125082024000000000000007000000000000000000000000000000000000000000000000000000                         1000   090000000000 
7560001300018Q 011000033390590803MICHEL FERNANDES RAMOS                  RUA FLORIANOPOLIS ,122                  VILA SUMARE    19405156               SP0000000000000000                                        000                            
7560001300019R 01000000000000000000000000000000000000000000000000125082024000000000000424                                                                                                              0000000000000000 000000000000  0         
7560001300020S 013                                                                                                                                                                                                                              
7560001300021P 010563100000020098014 000027732001011     10 224302619480000002508202400000000000500000000 02A14082024125082024000000000000002000000000000000000000000000000000000000000000000000000                         1000   090000000000 
7560001300022Q 011000033390590803MICHEL FERNANDES RAMOS                  RUA FLORIANOPOLIS ,122                  VILA SUMARE    19405156               SP0000000000000000                                        000                            
7560001300023R 01000000000000000000000000000000000000000000000000125082024000000000000100                                                                                                              0000000000000000 000000000000  0         
7560001300024S 013                                                                                                                                                                                                                              
7560001300025P 010563100000020098014 000027733701011     10 224202815300000003008202400000000003460700000 02A14082024130082024000000000000011000000000000000000000000000000000000000000000000000000                         1000   090000000000 
7560001300026Q 011000047064514850FERNANDO VASCONDE DE ARRUDA             AVENIDA MARECHAL HERMES ,119            CANTO DO FORTE 11700250   PRAIA GRANDESP0000000000000000                                        000                            
7560001300027R 01000000000000000000000000000000000000000000000000130082024000000000000692                                                                                                              0000000000000000 000000000000  0         
7560001300028S 013                                                                                                                                                                                                                              
7560001300029P 010563100000020098014 000027734401011     10 224230220550000002508202400000000003500000000 02A14082024125082024000000000000012000000000000000000000000000000000000000000000000000000                         1000   090000000000 
7560001300030Q 011000023105369899PABLO ALBERTO ALBANO                    RUA DOS DEMOCRATAS ,691                 VILA MONTE ALEG04305000      SAO PAULOSP0000000000000000                                        000                            
7560001300031R 01000000000000000000000000000000000000000000000000125082024000000000000700                                                                                                              0000000000000000 000000000000  0         
7560001300032S 013                                                                                                                                                                                                                              
7560001300033P 010563100000020098014 000027735101011     10 223919814980000002508202400000000002915000000 02A14082024125082024000000000000010000000000000000000000000000000000000000000000000000000                         1000   090000000000 
7560001300034Q 011000027893285877ANA PAULA HAMMERMEISTER GIMENES         RUA JOSE DIAS ,100                      ESTANCIA DAS FL13919260     JAGUARIUNASP0000000000000000                                        000                            
7560001300035R 01000000000000000000000000000000000000000000000000125082024000000000000583                                                                                                              0000000000000000 000000000000  0         
7560001300036S 013                                                                                                                                                                                                                              
7560001300037P 010563100000020098014 000027736901011     10 224114319800000003008202400000000001000000000 02A14082024130082024000000000000003000000000000000000000000000000000000000000000000000000                         1000   090000000000 
7560001300038Q 011000026605186885ARIANA ACQUESTA CANAL                   AVENIDA DOM JAIME DE BARROS CAMARA ,515 PLANALTO       09895400SAO BERNARDO DOSP0000000000000000                                        000                            
7560001300039R 01000000000000000000000000000000000000000000000000130082024000000000000200                                                                                                              0000000000000000 000000000000  0         
7560001300040S 013                                                                                                                                                                                                                              
7560001300041P 010563100000020098014 000027737601011     10 224008413740000002808202400000000004081000000 02A14082024128082024000000000000013000000000000000000000000000000000000000000000000000000                         1000   090000000000 
7560001300042Q 011000028686773800RENATO MONTEFUSCO                       RUA DAS CODORNAS ,521                   INDEPENDENCIA  09861130SAO BERNARDO DOSP0000000000000000                                        000                            
7560001300043R 01000000000000000000000000000000000000000000000000128082024000000000000816                                                                                                              0000000000000000 000000000000  0         
7560001300044S 013                                                                                                                                                                                                                              
7560001300045P 010563100000020098014 000027738301011     10 223832919380000003008202400000000002670000000 02A14082024130082024000000000000009000000000000000000000000000000000000000000000000000000                         1000   090000000000 
7560001300046Q 011000045724935880MARINA CESCHIN                          AVENIDA DOM JAIME DE BARROS CAMARA ,670 PLANALTO       09895400SAO BERNARDO DOSP0000000000000000                                        000                            
7560001300047R 01000000000000000000000000000000000000000000000000130082024000000000000534                                                                                                              0000000000000000 000000000000  0         
7560001300048S 013                                                                                                                                                                                                                              
7560001300049P 010563100000020098014 000027739001011     10 224020418410000002808202400000000002405700000 02A14082024128082024000000000000008000000000000000000000000000000000000000000000000000000                         1000   090000000000 
7560001300050Q 011000043322125840PIETRA MARTINS DA SILVA                 RUA DOUTOR EDILBERTO LUIS PEREIRA D,990 CIDADE UNIVERSI13083190       CAMPINASSP0000000000000000                                        000                            
7560001300051R 01000000000000000000000000000000000000000000000000128082024000000000000481                                                                                                              0000000000000000 000000000000  0         
7560001300052S 013                                                                                                                                                                                                                              
7560001300053P 010563100000020098014 000027740901011     10 224095119120000003008202400000000003392000000 02A14082024130082024000000000000011000000000000000000000000000000000000000000000000000000                         1000   090000000000 
7560001300054Q 011000020272815845ALEX SANDRO CHELA                       RUA HAYAKO YAMAUCHI ,32                 POLVILHO       07793440        CAJAMARSP0000000000000000                                        000                            
7560001300055R 01000000000000000000000000000000000000000000000000130082024000000000000678                                                                                                              0000000000000000 000000000000  0         
7560001300056S 013                                                                                                                                                                                                                              
75600015         00001400001400000000000412445000000000000000000000000000000000000000000000000000000000000000000000                                                                                                                             
75699999         000001000014000000                                                                                                                                                                                                             