75600000         219895217000135                    0563100000020064454 IWS CURSOS DE IDIOMAS LTDA    SICOOB                                  10602202513142600000108100000                                                                     
75600011R01  040 2019895217000135                    0563100000020064454 IWS CURSOS DE IDIOMAS LTDA                                                                                    000048930602202500000000                                 
7560001300001P 010563100000020064454 000029526001011     10 224668715600000000602202500000000002885600000 02A06022025106022025000000000000010000000000000000000000000000000000000000000000000000000                         1000   090000000000 
7560001300002Q 011000036374365828DRIELE PINHEIRO SANTOS                  RUA NATERCIA ,161                       VILA NOVA BONSU07176340      GUARULHOSSP0000000000000000                                        000                            
7560001300003R 01000000000000000000000000000000000000000000000000106022025000000000000577                                                                                                              0000000000000000 000000000000  0         
7560001300004S 013                                                                                                                                                                                                                              
75600015         00000100000100000000000028856000000000000000000000000000000000000000000000000000000000000000000000                                                                                                                             
75699999         000001000001000000                                                                                                                                                                                                             