75600000         229492820000120                    0563100000020087306 ANEXA IDIOMAS LTDA            SICOOB                                  10110202414074300000108100000                                                                     
75600011R01  040 2029492820000120                    0563100000020087306 ANEXA IDIOMAS LTDA                                                                                            000047580110202400000000                                 
7560001300001P 010563100000020087306 000028226201011     10 224416521220000000510202400000000002321600000 02A01102024105102024000000000000008000000000000000000000000000000000000000000000000000000                         1000   090000000000 
7560001300002Q 011000000000000000                                         ,                                                     00000000                 0000000000000000                                        000                            
7560001300003R 01000000000000000000000000000000000000000000000000105102024000000000000464                                                                                                              0000000000000000 000000000000  0         
7560001300004S 013                                                                                                                                                                                                                              
7560001300005P 010563100000020087306 000028227001011     10 224415321210000000510202400000000003678400000 02A01102024105102024000000000000012000000000000000000000000000000000000000000000000000000                         1000   090000000000 
7560001300006Q 011000028842511897LUIZ ANTONIO FERREIRA TEIXEIRA DOS SANTOAVENIDA DOM JAIME DE BARROS CAMARA ,825 PLANALTO       09895400SAO BERNARDO DOSP0000000000000000                                        000                            
7560001300007R 01000000000000000000000000000000000000000000000000105102024000000000000736                                                                                                              0000000000000000 000000000000  0         
7560001300008S 013                                                                                                                                                                                                                              
7560001300009P 010563100000020087306 000028228701011     10 224414419790000001010202400000000001350000000 02A01102024110102024000000000000004000000000000000000000000000000000000000000000000000000                         1000   090000000000 
7560001300010Q 011000031691253898LEANDRO FERREIRA MUNIZ                  AVENIDA DOM JAIME DE BARROS CAMARA ,763 PLANALTO       09895400SAO BERNARDO DOSP0000000000000000                                        000                            
7560001300011R 01000000000000000000000000000000000000000000000000110102024000000000000270                                                                                                              0000000000000000 000000000000  0         
7560001300012S 013                                                                                                                                                                                                                              
7560001300013P 010563100000020087306 000028229401011     10 224414720580000001010202400000000000500000000 02A01102024110102024000000000000002000000000000000000000000000000000000000000000000000000                         1000   090000000000 
7560001300014Q 011000046586007810NICOLE DOS SANTOS                       RUA NELSON RODRIGUES ,103               PLANALTO       09896170SAO BERNARDO DOSP0000000000000000                                        000                            
7560001300015R 01000000000000000000000000000000000000000000000000110102024000000000000100                                                                                                              0000000000000000 000000000000  0         
7560001300016S 013                                                                                                                                                                                                                              
7560001300017P 010563100000020087306 000028230201011     10 224418121290000001010202400000000002220000000 02A01102024110102024000000000000007000000000000000000000000000000000000000000000000000000                         1000   090000000000 
7560001300018Q 011000012445645832EDILEUSA RAMOS DA COSTA NONATO          AVENIDA DOM JAIME DE BARROS CAMARA ,945 PLANALTO       09895400SAO BERNARDO DOSP0000000000000000                                        000                            
7560001300019R 01000000000000000000000000000000000000000000000000110102024000000000000444                                                                                                              0000000000000000 000000000000  0         
7560001300020S 013                                                                                                                                                                                                                              
7560001300021P 010563100000020087306 000028231001011     10 224419321290000001010202400000000000300000000 02A01102024110102024000000000000001000000000000000000000000000000000000000000000000000000                         1000   090000000000 
7560001300022Q 011000012445645832EDILEUSA RAMOS DA COSTA NONATO          AVENIDA DOM JAIME DE BARROS CAMARA ,945 PLANALTO       09895400SAO BERNARDO DOSP0000000000000000                                        000                            
7560001300023R 01000000000000000000000000000000000000000000000000110102024000000000000060                                                                                                              0000000000000000 000000000000  0         
7560001300024S 013                                                                                                                                                                                                                              
7560001300025P 010563100000020087306 000028232701011     10 224414516670000001010202400000000000750000000 02A01102024110102024000000000000002000000000000000000000000000000000000000000000000000000                         1000   090000000000 
7560001300026Q 011000028041743870TATIANE BRUNHARO                        AV. DOM JAIME DE BARROS CAMARA ,945     PLANALTO       09895400SAO BERNARDO DOSP0000000000000000                                        000                            
7560001300027R 01000000000000000000000000000000000000000000000000110102024000000000000150                                                                                                              0000000000000000 000000000000  0         
7560001300028S 013                                                                                                                                                                                                                              
75600015         00000700000700000000000111200000000000000000000000000000000000000000000000000000000000000000000000                                                                                                                             
75699999         000001000007000000                                                                                                                                                                                                             