75600000         219895217000135                    0563100000020064454 IWS CURSOS DE IDIOMAS LTDA    SICOOB                                  10701202509583500000108100000                                                                     
75600011R01  040 2019895217000135                    0563100000020064454 IWS CURSOS DE IDIOMAS LTDA                                                                                    000048530701202500000000                                 
7560001300001P 010563100000020064454 000029245401011     10 224439413200000002001202500000000003933300000 02A07012025120012025000000000000013000000000000000000000000000000000000000000000000000000                         1000   090000000000 
7560001300002Q 011000014040948068HELOISA HELENA MONTEIRO KROMBERG        RUA DOS FRANCESES ,498 111 E            MORRO DOS INGLE01329010      SAO PAULOSP0000000000000000                                        000                            
7560001300003R 01000000000000000000000000000000000000000000000000120012025000000000000787                                                                                                              0000000000000000 000000000000  0         
7560001300004S 013                                                                                                                                                                                                                              
7560001300005P 010563100000020064454 000029246101011     10 223928748900000002001202500000000002796100000 02A07012025120012025000000000000009000000000000000000000000000000000000000000000000000000                         1000   090000000000 
7560001300006Q 011000048915085825JOYCE BOLOGNANI ROVERI                  AVENIDA DOM JAIME DE BARROS CAMARA ,715 PLANALTO       09895400SAO BERNARDO DOSP0000000000000000                                        000                            
7560001300007R 01000000000000000000000000000000000000000000000000120012025000000000000559                                                                                                              0000000000000000 000000000000  0         
7560001300008S 013                                                                                                                                                                                                                              
7560001300009P 010563100000020064454 000029247901011     10 224281011430000002001202500000000007420000000 02A07012025120012025000000000000024000000000000000000000000000000000000000000000000000000                         1000   090000000000 
7560001300010Q 011000053372620763LILIAN VALERIO MARTELLETO               RUA DOS FRANCESES ,498                  MORRO DOS INGLE01329010      SAO PAULOSP0000000000000000                                        000                            
7560001300011R 01000000000000000000000000000000000000000000000000120012025000000000001484                                                                                                              0000000000000000 000000000000  0         
7560001300012S 013                                                                                                                                                                                                                              
7560001300013P 010563100000020064454 000029248601011     10 223949113220000002001202500000000003428000000 02A07012025120012025000000000000011000000000000000000000000000000000000000000000000000000                         1000   090000000000 
7560001300014Q 011000000887279805THAIS FAE LAVAREDA DE SOUZA             RUA DOS HOLANDESES ,31 APT 51           MORRO DOS INGLE01329020      SAO PAULOSP0000000000000000                                        000                            
7560001300015R 01000000000000000000000000000000000000000000000000120012025000000000000686                                                                                                              0000000000000000 000000000000  0         
7560001300016S 013                                                                                                                                                                                                                              
75600015         00000400000400000000000175774000000000000000000000000000000000000000000000000000000000000000000000                                                                                                                             
75699999         000001000004000000                                                                                                                                                                                                             