75600000         219895217000135                    0563100000020064454 IWS CURSOS DE IDIOMAS LTDA    SICOOB                                  12711202414073400000108100000                                                                     
75600011R01  040 2019895217000135                    0563100000020064454 IWS CURSOS DE IDIOMAS LTDA                                                                                    000048192711202400000000                                 
7560001300001P 010563100000020064454 000028740801011     10 224104131000000000512202400000000013365000000 02A27112024105122024000000000000044000000000000000000000000000000000000000000000000000000                         1000   090000000000 
7560001300002Q 012061139622000190LILLA                                   RUA CONSTANCIO COLALILO ,382            VILA AUGUSTA   07024150      GUARULHOSSP0000000000000000                                        000                            
7560001300003R 01000000000000000000000000000000000000000000000000105122024000000000002673                                                                                                              0000000000000000 000000000000  0         
7560001300004S 013                                                                                                                                                                                                                              
75600015         00000100000100000000000133650000000000000000000000000000000000000000000000000000000000000000000000                                                                                                                             
75699999         000001000001000000                                                                                                                                                                                                             