75600000         229492820000120                    0563100000020087306 ANEXA IDIOMAS LTDA            SICOOB                                  13107202410390800000108100000                                                                     
75600011R01  040 2029492820000120                    0563100000020087306 ANEXA IDIOMAS LTDA                                                                                            000046653107202400000000                                 
7560001300001P 010563100000020087306 000027545901011     10 224344020810000000508202400000000002840000000 02A31072024105082024000000000000009000000000000000000000000000000000000000000000000000000                         1000   090000000000 
7560001300002Q 011000048719557884MARIA LUIZA CESARIO MARTINS             RUA DE PINEDO ,83                       CENTRO/ VILA AL09720270SAO BERNARDO DOSP0000000000000000                                        000                            
7560001300003R 01000000000000000000000000000000000000000000000000105082024000000000000568                                                                                                              0000000000000000 000000000000  0         
7560001300004S 013                                                                                                                                                                                                                              
75600015         00000100000100000000000028400000000000000000000000000000000000000000000000000000000000000000000000                                                                                                                             
75699999         000001000001000000                                                                                                                                                                                                             