75600000         219895217000135                    0563100000020064454 IWS CURSOS DE IDIOMAS LTDA    SICOOB                                  10306202412065100000108100000                                                                     
75600011R01  040 2019895217000135                    0563100000020064454 IWS CURSOS DE IDIOMAS LTDA                                                                                    000045840306202400000000                                 
7560001300001P 010563100000020064454 000026927701011     10 223691011430000002006202400000000005250000000 02A03062024120062024000000000000017000000000000000000000000000000000000000000000000000000                         1000   090000000000 
7560001300002Q 011000053372620763LILIAN VALERIO MARTELLETO               RUA DOS FRANCESES ,498                  MORRO DOS INGLE01329010      SAO PAULOSP0000000000000000                                        000                            
7560001300003R 01000000000000000000000000000000000000000000000000120062024000000000001050                                                                                                              0000000000000000 000000000000  0         
7560001300004S 013                                                                                                                                                                                                                              
75600015         00000100000100000000000052500000000000000000000000000000000000000000000000000000000000000000000000                                                                                                                             
75699999         000001000001000000                                                                                                                                                                                                             