75600000         219895217000135                    0563100000020064454 IWS CURSOS DE IDIOMAS LTDA    SICOOB                                  12708202409572500000108100000                                                                     
75600011R01  040 2019895217000135                    0563100000020064454 IWS CURSOS DE IDIOMAS LTDA                                                                                    000047192708202400000000                                 
7560001300001P 010563100000020064454 000027818801011     10 224046519860000001009202400000000002670000000 02A27082024110092024000000000000009000000000000000000000000000000000000000000000000000000                         1000   090000000000 
7560001300002Q 011000013507076861ALEXANDRE LEAO LUCCHESI                 RUA ALVARO DUARTE ,39                   JACANA         02272060      SAO PAULOSP0000000000000000                                        000                            
7560001300003R 01000000000000000000000000000000000000000000000000110092024000000000000534                                                                                                              0000000000000000 000000000000  0         
7560001300004S 013                                                                                                                                                                                                                              
7560001300005P 010563100000020064454 000027819501011     10 224060440000000001009202400000000002862000000 02A27082024110092024000000000000009000000000000000000000000000000000000000000000000000000                         1000   090000000000 
7560001300006Q 011000039857755836ALINE NUNES DAL SOGLIO GUIDI            RUA SAO FELIPE ,330                     PARQUE SAO JORG03085010      SAO PAULOSP0000000000000000                                        000                            
7560001300007R 01000000000000000000000000000000000000000000000000110092024000000000000572                                                                                                              0000000000000000 000000000000  0         
7560001300008S 013                                                                                                                                                                                                                              
7560001300009P 010563100000020064454 000027820301011     10 224362520970000001009202400000000002100000000 02A27082024110092024000000000000007000000000000000000000000000000000000000000000000000000                         1000   090000000000 
7560001300010Q 011000034482455857CRISTIANE DE JESUS PEREIRA              RUA GUINDOVAL ,149                      VILA NOVA BONSU07176570      GUARULHOSSP0000000000000000                                        000                            
7560001300011R 01000000000000000000000000000000000000000000000000110092024000000000000420                                                                                                              0000000000000000 000000000000  0         
7560001300012S 013                                                                                                                                                                                                                              
7560001300013P 010563100000020064454 000027821001011     10 224363720970000001009202400000000000500000000 02A27082024110092024000000000000002000000000000000000000000000000000000000000000000000000                         1000   090000000000 
7560001300014Q 011000034482455857CRISTIANE DE JESUS PEREIRA              RUA GUINDOVAL ,149                      VILA NOVA BONSU07176570      GUARULHOSSP0000000000000000                                        000                            
7560001300015R 01000000000000000000000000000000000000000000000000110092024000000000000100                                                                                                              0000000000000000 000000000000  0         
7560001300016S 013                                                                                                                                                                                                                              
7560001300017P 010563100000020064454 000027822801011     10 224141816970000001009202400000000003074000000 02A27082024110092024000000000000010000000000000000000000000000000000000000000000000000000                         1000   090000000000 
7560001300018Q 011000028580799864BRUNO LIGUORI PESCE                     RUA DONA DICA ,378                      JARDIM TRANQUIL07052000      GUARULHOSSP0000000000000000                                        000                            
7560001300019R 01000000000000000000000000000000000000000000000000110092024000000000000615                                                                                                              0000000000000000 000000000000  0         
7560001300020S 013                                                                                                                                                                                                                              
7560001300021P 010563100000020064454 000027823501011     10 224360120950000001009202400000000002300000000 02A27082024110092024000000000000008000000000000000000000000000000000000000000000000000000                         1000   090000000000 
7560001300022Q 011000031086591895RODRIGO DIOGO PEREIRA                   RUA ALVARENGA PEIXOTO ,551              SAO PAULO II   06706095          COTIASP0000000000000000                                        000                            
7560001300023R 01000000000000000000000000000000000000000000000000110092024000000000000460                                                                                                              0000000000000000 000000000000  0         
7560001300024S 013                                                                                                                                                                                                                              
7560001300025P 010563100000020064454 000027824201011     10 223971318300000001009202400000000002830200000 02A27082024110092024000000000000009000000000000000000000000000000000000000000000000000000                         1000   090000000000 
7560001300026Q 011000032988336814CARLOS HENRIQUE DE OLIVEIRA             RUA DONA TECLA ,230                     JARDIM FLOR DA 07097380      GUARULHOSSP0000000000000000                                        000                            
7560001300027R 01000000000000000000000000000000000000000000000000110092024000000000000566                                                                                                              0000000000000000 000000000000  0         
7560001300028S 013                                                                                                                                                                                                                              
7560001300029P 010563100000020064454 000027825001011     10 223973718420000001009202400000000002830200000 02A27082024110092024000000000000009000000000000000000000000000000000000000000000000000000                         1000   090000000000 
7560001300030Q 011000040323474845CHRISTOPHER PAULO CRUZ                  RUA CELIA DOMINGUES FAUSTINO ,          PARQUE CECAP   07190060      GUARULHOSSP0000000000000000                                        000                            
7560001300031R 01000000000000000000000000000000000000000000000000110092024000000000000566                                                                                                              0000000000000000 000000000000  0         
7560001300032S 013                                                                                                                                                                                                                              
7560001300033P 010563100000020064454 000027826701011     10 223974916330000001509202400000000001908000000 02A27082024115092024000000000000006000000000000000000000000000000000000000000000000000000                         1000   090000000000 
7560001300034Q 011000030578064812CLEBER ROBERTO BERGER                   PRACA CAPITAO ALBERTO MENDES JUNIO,71   CENTRO         07012031      GUARULHOSSP0000000000000000                                        000                            
7560001300035R 01000000000000000000000000000000000000000000000000115092024000000000000382                                                                                                              0000000000000000 000000000000  0         
7560001300036S 013                                                                                                                                                                                                                              
7560001300037P 010563100000020064454 000027827401011     10 224347820840000001009202400000000003872000000 02A27082024110092024000000000000013000000000000000000000000000000000000000000000000000000                         1000   090000000000 
7560001300038Q 011000015095382830CRISTINA MAKIKO SAITO HIRANO            RUA ALCINO BRAGA ,220                   PARAISO        04004020      SAO PAULOSP0000000000000000                                        000                            
7560001300039R 01000000000000000000000000000000000000000000000000110092024000000000000774                                                                                                              0000000000000000 000000000000  0         
7560001300040S 013                                                                                                                                                                                                                              
7560001300041P 010563100000020064454 000027828101011     10 224042919820000001009202400000000002250000000 02A27082024110092024000000000000007000000000000000000000000000000000000000000000000000000                         1000   090000000000 
7560001300042Q 011000032864696886DANILO NOVO OTAVIANO                    RUA MARRET ,24                          VILA PROGRESSO 07095140      GUARULHOSSP0000000000000000                                        000                            
7560001300043R 01000000000000000000000000000000000000000000000000110092024000000000000450                                                                                                              0000000000000000 000000000000  0         
7560001300044S 013                                                                                                                                                                                                                              
7560001300045P 010563100000020064454 000027829901011     10 224291920680000001009202400000000003520000000 02A27082024110092024000000000000012000000000000000000000000000000000000000000000000000000                         1000   090000000000 
7560001300046Q 011000022022841840DENISE VALENTE EVA                      RUA ZACARIAS DE GOIS ,715               PARQUE COLONIAL04610001      SAO PAULOSP0000000000000000                                        000                            
7560001300047R 01000000000000000000000000000000000000000000000000110092024000000000000704                                                                                                              0000000000000000 000000000000  0         
7560001300048S 013                                                                                                                                                                                                                              
7560001300049P 010563100000020064454 000027830701011     10 224310115600000001509202400000000002809000000 02A27082024115092024000000000000009000000000000000000000000000000000000000000000000000000                         1000   090000000000 
7560001300050Q 011000036374365828DRIELE PINHEIRO SANTOS                  RUA NATERCIA ,161                       VILA NOVA BONSU07176340      GUARULHOSSP0000000000000000                                        000                            
7560001300051R 01000000000000000000000000000000000000000000000000115092024000000000000562                                                                                                              0000000000000000 000000000000  0         
7560001300052S 013                                                                                                                                                                                                                              
7560001300053P 010563100000020064454 000027831401011     10 223979718980000001509202400000000002109400000 02A27082024115092024000000000000007000000000000000000000000000000000000000000000000000000                         1000   090000000000 
7560001300054Q 011000032297933827THALITA ALESSANDRA DE SOUZA             RUA ANTONIO GOMES ,135                  VILA SANTO ANTO07093090      GUARULHOSSP0000000000000000                                        000                            
7560001300055R 01000000000000000000000000000000000000000000000000115092024000000000000422                                                                                                              0000000000000000 000000000000  0         
7560001300056S 013                                                                                                                                                                                                                              
7560001300057P 010563100000020064454 000027832101011     10 224373321060000001009202400000000007744000000 02A27082024110092024000000000000026000000000000000000000000000000000000000000000000000000                         1000   090000000000 
7560001300058Q 011000033922017827EDUARDO LOURENCO SILVA                  RUA DOM IRINEU JOFFILY ,26              VILA GRANADA   03659040      SAO PAULOSP0000000000000000                                        000                            
7560001300059R 01000000000000000000000000000000000000000000000000110092024000000000001549                                                                                                              0000000000000000 000000000000  0         
7560001300060S 013                                                                                                                                                                                                                              
7560001300061P 010563100000020064454 000027833901011     10 224374521060000001009202400000000000500000000 02A27082024110092024000000000000002000000000000000000000000000000000000000000000000000000                         1000   090000000000 
7560001300062Q 011000033922017827EDUARDO LOURENCO SILVA                  RUA DOM IRINEU JOFFILY ,26              VILA GRANADA   03659040      SAO PAULOSP0000000000000000                                        000                            
7560001300063R 01000000000000000000000000000000000000000000000000110092024000000000000100                                                                                                              0000000000000000 000000000000  0         
7560001300064S 013                                                                                                                                                                                                                              
7560001300065P 010563100000020064454 000027834601011     10 224170012400000001509202400000000003150000000 02A27082024115092024000000000000010000000000000000000000000000000000000000000000000000000                         1000   090000000000 
7560001300066Q 011000052522627805ERIC VINICIUS DA SILVA MARTINS          RUA NIDIA ,221                          CIDADE PARQUE A07242400      GUARULHOSSP0000000000000000                                        000                            
7560001300067R 01000000000000000000000000000000000000000000000000115092024000000000000630                                                                                                              0000000000000000 000000000000  0         
7560001300068S 013                                                                                                                                                                                                                              
7560001300069P 010563100000020064454 000027835301011     10 223912713190000001509202400000000006572000000 02A27082024115092024000000000000022000000000000000000000000000000000000000000000000000000                         1000   090000000000 
7560001300070Q 011000027899694850EVANDRO DE SANTANA CAVICCHIO            RUA TOCANTINOPOLIS ,645                 JARDIM IPORANGA07124100      GUARULHOSSP0000000000000000                                        000                            
7560001300071R 01000000000000000000000000000000000000000000000000115092024000000000001314                                                                                                              0000000000000000 000000000000  0         
7560001300072S 013                                                                                                                                                                                                                              
7560001300073P 010563100000020064454 000027836001011     10 224147816920000001009202400000000002400000000 02A27082024110092024000000000000008000000000000000000000000000000000000000000000000000000                         1000   090000000000 
7560001300074Q 011000011874897867LUIZ ALEXANDRE PROFITTI                 RUA INDAIA ,200                         VILA PRUDENTE  03132125      SAO PAULOSP0000000000000000                                        000                            
7560001300075R 01000000000000000000000000000000000000000000000000110092024000000000000480                                                                                                              0000000000000000 000000000000  0         
7560001300076S 013                                                                                                                                                                                                                              
7560001300077P 010563100000020064454 000027837801011     10 224256620650000001509202400000000003700000000 02A27082024115092024000000000000012000000000000000000000000000000000000000000000000000000                         1000   090000000000 
7560001300078Q 011000032100160893FERNANDA GHIRALDI NOBRE                 RUA DOUTOR ELOY CHAVES ,273             VILA SOROCABANA07024181      GUARULHOSSP0000000000000000                                        000                            
7560001300079R 01000000000000000000000000000000000000000000000000115092024000000000000740                                                                                                              0000000000000000 000000000000  0         
7560001300080S 013                                                                                                                                                                                                                              
7560001300081P 010563100000020064454 000027838501011     10 224205315280000001509202400000000002400000000 02A27082024115092024000000000000008000000000000000000000000000000000000000000000000000000                         1000   090000000000 
7560001300082Q 011000031112058869MARCIA ROSA DE ARRUDA                   AVENIDA SALGADO FILHO ,3938             CENTRO         07115000      GUARULHOSSP0000000000000000                                        000                            
7560001300083R 01000000000000000000000000000000000000000000000000115092024000000000000480                                                                                                              0000000000000000 000000000000  0         
7560001300084S 013                                                                                                                                                                                                                              
7560001300085P 010563100000020064454 000027839201011     10 224380321110000001009202400000000002870000000 02A27082024110092024000000000000009000000000000000000000000000000000000000000000000000000                         1000   090000000000 
7560001300086Q 011000062383501301GABRIEL MELO GAGLIONI                   RUA ABILIO RAMOS ,79                    MACEDO         07113090      GUARULHOSSP0000000000000000                                        000                            
7560001300087R 01000000000000000000000000000000000000000000000000110092024000000000000574                                                                                                              0000000000000000 000000000000  0         
7560001300088S 013                                                                                                                                                                                                                              
7560001300089P 010563100000020064454 000027840001011     10 224149017040000001509202400000000001977500000 02A27082024115092024000000000000007000000000000000000000000000000000000000000000000000000                         1000   090000000000 
7560001300090Q 011000016027907878MARCIA SAPATA DA SILVA                  RUA NARAIN SINGH LUSCHINI ,149          PARQUE CONTINEN07085010      GUARULHOSSP0000000000000000                                        000                            
7560001300091R 01000000000000000000000000000000000000000000000000115092024000000000000396                                                                                                              0000000000000000 000000000000  0         
7560001300092S 013                                                                                                                                                                                                                              
7560001300093P 010563100000020064454 000027841801011     10 224364417040000001509202400000000000500000000 02A27082024115092024000000000000002000000000000000000000000000000000000000000000000000000                         1000   090000000000 
7560001300094Q 011000016027907878MARCIA SAPATA DA SILVA                  RUA NARAIN SINGH LUSCHINI ,149          PARQUE CONTINEN07085010      GUARULHOSSP0000000000000000                                        000                            
7560001300095R 01000000000000000000000000000000000000000000000000115092024000000000000100                                                                                                              0000000000000000 000000000000  0         
7560001300096S 013                                                                                                                                                                                                                              
7560001300097P 010563100000020064454 000027842501011     10 224371621040000001009202400000000003800000000 02A27082024110092024000000000000013000000000000000000000000000000000000000000000000000000                         1000   090000000000 
7560001300098Q 011000035003158874GABRIELA CARVALHO                       RUA CARLOS COMENALE ,96                 BELA VISTA     01332030      SAO PAULOSP0000000000000000                                        000                            
7560001300099R 01000000000000000000000000000000000000000000000000110092024000000000000760                                                                                                              0000000000000000 000000000000  0         
7560001300100S 013                                                                                                                                                                                                                              
7560001300101P 010563100000020064454 000027843201011     10 224372721040000001009202400000000000500000000 02A27082024110092024000000000000002000000000000000000000000000000000000000000000000000000                         1000   090000000000 
7560001300102Q 011000035003158874GABRIELA CARVALHO                       RUA CARLOS COMENALE ,96                 BELA VISTA     01332030      SAO PAULOSP0000000000000000                                        000                            
7560001300103R 01000000000000000000000000000000000000000000000000110092024000000000000100                                                                                                              0000000000000000 000000000000  0         
7560001300104S 013                                                                                                                                                                                                                              
7560001300105P 010563100000020064454 000027844001011     10 224072495300000001009202400000000002332000000 02A27082024110092024000000000000008000000000000000000000000000000000000000000000000000000                         1000   090000000000 
7560001300106Q 011000021895277833ERIC HENRIQUE VASCONCELLOS SANTOS       RUA CONEGO VALADAO ,161                 GOPOUVA        07040000      GUARULHOSSP0000000000000000                                        000                            
7560001300107R 01000000000000000000000000000000000000000000000000110092024000000000000466                                                                                                              0000000000000000 000000000000  0         
7560001300108S 013                                                                                                                                                                                                                              
7560001300109P 010563100000020064454 000027845701011     10 224277025600000001009202400000000003955100000 02A27082024110092024000000000000013000000000000000000000000000000000000000000000000000000                         1000   090000000000 
7560001300110Q 011000007810479865IDERALDO ELMER RIBEIRO                  RUA ROSALI ,269                         VILA MARANDUBA 07060091      GUARULHOSSP0000000000000000                                        000                            
7560001300111R 01000000000000000000000000000000000000000000000000110092024000000000000791                                                                                                              0000000000000000 000000000000  0         
7560001300112S 013                                                                                                                                                                                                                              
7560001300113P 010563100000020064454 000027846401011     10 224127820170000001009202400000000001000000000 02A27082024110092024000000000000003000000000000000000000000000000000000000000000000000000                         1000   090000000000 
7560001300114Q 011000009727368670ISABELA KRISTINA MESQUITA SILVA         RUA ARISTOBULO SILVA ,22                CENTRO         37240000     LUMINARIASMG0000000000000000                                        000                            
7560001300115R 01000000000000000000000000000000000000000000000000110092024000000000000200                                                                                                              0000000000000000 000000000000  0         
7560001300116S 013                                                                                                                                                                                                                              
7560001300117P 010563100000020064454 000027847101011     10 224342220790000001009202400000000003200000000 02A27082024110092024000000000000011000000000000000000000000000000000000000000000000000000                         1000   090000000000 
7560001300118Q 011000014810831710ISABELLE SILVA MENDES                   RUA LUIZ BARATA ,315                    CAMPO GRANDE   23050390 RIO DE JANEIRORJ0000000000000000                                        000                            
7560001300119R 01000000000000000000000000000000000000000000000000110092024000000000000640                                                                                                              0000000000000000 000000000000  0         
7560001300120S 013                                                                                                                                                                                                                              
7560001300121P 010563100000020064454 000027848901011     10 224350320860000001009202400000000002100000000 02A27082024110092024000000000000007000000000000000000000000000000000000000000000000000000                         1000   090000000000 
7560001300122Q 011000034465431805JACIANE IZIDORIO DE OLIVEIRA SOUZA      RUA JOSE FRANCA ,97                     PARQUE SAO MIGU07260180      GUARULHOSSP0000000000000000                                        000                            
7560001300123R 01000000000000000000000000000000000000000000000000110092024000000000000420                                                                                                              0000000000000000 000000000000  0         
7560001300124S 013                                                                                                                                                                                                                              
7560001300125P 010563100000020064454 000027849601011     10 224380120860000001009202400000000000750000000 02A27082024110092024000000000000002000000000000000000000000000000000000000000000000000000                         1000   090000000000 
7560001300126Q 011000034465431805JACIANE IZIDORIO DE OLIVEIRA SOUZA      RUA JOSE FRANCA ,97                     PARQUE SAO MIGU07260180      GUARULHOSSP0000000000000000                                        000                            
7560001300127R 01000000000000000000000000000000000000000000000000110092024000000000000150                                                                                                              0000000000000000 000000000000  0         
7560001300128S 013                                                                                                                                                                                                                              
7560001300129P 010563100000020064454 000027850401011     10 224077219030000001509202400000000001590000000 02A27082024115092024000000000000005000000000000000000000000000000000000000000000000000000                         1000   090000000000 
7560001300130Q 011000032297933827THALITA ALESSANDRA DE SOUZA             RUA ANTONIO GOMES ,135                  VILA SANTO ANTO07093090      GUARULHOSSP0000000000000000                                        000                            
7560001300131R 01000000000000000000000000000000000000000000000000115092024000000000000318                                                                                                              0000000000000000 000000000000  0         
7560001300132S 013                                                                                                                                                                                                                              
7560001300133P 010563100000020064454 000027851101011     10 224349120850000001509202400000000002100000000 02A27082024115092024000000000000007000000000000000000000000000000000000000000000000000000                         1000   090000000000 
7560001300134Q 011000028048739860MARCELO DORNAS PANHOTTA NEVES           RUA ANTONIO RABELLO ,50                 JARDIM ALIANCA 07063080      GUARULHOSSP0000000000000000                                        000                            
7560001300135R 01000000000000000000000000000000000000000000000000115092024000000000000420                                                                                                              0000000000000000 000000000000  0         
7560001300136S 013                                                                                                                                                                                                                              
7560001300137P 010563100000020064454 000027852901011     10 224355020850000001509202400000000000500000000 02A27082024115092024000000000000002000000000000000000000000000000000000000000000000000000                         1000   090000000000 
7560001300138Q 011000028048739860MARCELO DORNAS PANHOTTA NEVES           RUA ANTONIO RABELLO ,50                 JARDIM ALIANCA 07063080      GUARULHOSSP0000000000000000                                        000                            
7560001300139R 01000000000000000000000000000000000000000000000000115092024000000000000100                                                                                                              0000000000000000 000000000000  0         
7560001300140S 013                                                                                                                                                                                                                              
7560001300141P 010563100000020064454 000027853601011     10 224240426400000001009202400000000002471900000 02A27082024110092024000000000000008000000000000000000000000000000000000000000000000000000                         1000   090000000000 
7560001300142Q 011000026634012857JERRISLEI BENTO NOGUEIRA                AVENIDA CARLOS FERREIRA ENDRES ,1205    VILA ENDRES    07041030      GUARULHOSSP0000000000000000                                        000                            
7560001300143R 01000000000000000000000000000000000000000000000000110092024000000000000494                                                                                                              0000000000000000 000000000000  0         
7560001300144S 013                                                                                                                                                                                                                              
7560001300145P 010563100000020064454 000027854301011     10 223825615700000001009202400000000005300000000 02A27082024110092024000000000000017000000000000000000000000000000000000000000000000000000                         1000   090000000000 
7560001300146Q 011000007057855990KAUANNE FERREIRA DE MELO                AVENIDA MAZZEI ,12                      VILA MAZZEI    02310001      SAO PAULOSP0000000000000000                                        000                            
7560001300147R 01000000000000000000000000000000000000000000000000110092024000000000001060                                                                                                              0000000000000000 000000000000  0         
7560001300148S 013                                                                                                                                                                                                                              
7560001300149P 010563100000020064454 000027855001011     10 224354415700000001009202400000000000750000000 02A27082024110092024000000000000002000000000000000000000000000000000000000000000000000000                         1000   090000000000 
7560001300150Q 011000007057855990KAUANNE FERREIRA DE MELO                AVENIDA MAZZEI ,12                      VILA MAZZEI    02310001      SAO PAULOSP0000000000000000                                        000                            
7560001300151R 01000000000000000000000000000000000000000000000000110092024000000000000150                                                                                                              0000000000000000 000000000000  0         
7560001300152S 013                                                                                                                                                                                                                              
7560001300153P 010563100000020064454 000027856801011     10 224381821120000001509202400000000003680000000 02A27082024115092024000000000000012000000000000000000000000000000000000000000000000000000                         1000   090000000000 
7560001300154Q 011000018600076862CAYO PARDOS LASTIRI                     AVENIDA AVELINO ALVES MACHADO ,561      JARDIM PINHAL  07120000      GUARULHOSSP0000000000000000                                        000                            
7560001300155R 01000000000000000000000000000000000000000000000000115092024000000000000736                                                                                                              0000000000000000 000000000000  0         
7560001300156S 013                                                                                                                                                                                                                              
7560001300157P 010563100000020064454 000027857501011     10 224228920540000001509202400000000003200000000 02A27082024115092024000000000000011000000000000000000000000000000000000000000000000000000                         1000   090000000000 
7560001300158Q 011000033338296819LEIDIANE DOS SANTOS GOMES               RUA IBIRAJUBA ,487                      JARDIM MONTE CA07194000      GUARULHOSSP0000000000000000                                        000                            
7560001300159R 01000000000000000000000000000000000000000000000000115092024000000000000640                                                                                                              0000000000000000 000000000000  0         
7560001300160S 013                                                                                                                                                                                                                              
7560001300161P 010563100000020064454 000027858201011     10 224004918450000001009202400000000002830200000 02A27082024110092024000000000000009000000000000000000000000000000000000000000000000000000                         1000   090000000000 
7560001300162Q 011000042564299806LETTICIA POSCHI MOTA                    RUA FRANCISCO PEREIRA ,466              VILA GALVAO    07071060      GUARULHOSSP0000000000000000                                        000                            
7560001300163R 01000000000000000000000000000000000000000000000000110092024000000000000566                                                                                                              0000000000000000 000000000000  0         
7560001300164S 013                                                                                                                                                                                                                              
7560001300165P 010563100000020064454 000027859001011     10 223889915830000001509202400000000006996000000 02A27082024115092024000000000000023000000000000000000000000000000000000000000000000000000                         1000   090000000000 
7560001300166Q 011000024985557811VIVIANE MAGLIANO                        RUA CATAO ,626                          VILA ROMANA    05049000      SAO PAULOSP0000000000000000                                        000                            
7560001300167R 01000000000000000000000000000000000000000000000000115092024000000000001399                                                                                                              0000000000000000 000000000000  0         
7560001300168S 013                                                                                                                                                                                                                              
7560001300169P 010563100000020064454 000027860801011     10 224322117840000001009202400000000002247200000 02A27082024110092024000000000000007000000000000000000000000000000000000000000000000000000                         1000   090000000000 
7560001300170Q 011000025385360813BENEDITA BISPO DA HORA                  RUA BENEDICTO THIESO ,28                PARQUE RESIDENC07159870      GUARULHOSSP0000000000000000                                        000                            
7560001300171R 01000000000000000000000000000000000000000000000000110092024000000000000449                                                                                                              0000000000000000 000000000000  0         
7560001300172S 013                                                                                                                                                                                                                              
7560001300173P 010563100000020064454 000027861501011     10 224364720980000001009202400000000005500000000 02A27082024110092024000000000000018000000000000000000000000000000000000000000000000000000                         1000   090000000000 
7560001300174Q 011000006694524838MARIA LUIZA ARDIZZONE ROSSI             RUA DOUTOR SOLON FERNANDES ,172         VILA ROSALIA   07072080      GUARULHOSSP0000000000000000                                        000                            
7560001300175R 01000000000000000000000000000000000000000000000000110092024000000000001100                                                                                                              0000000000000000 000000000000  0         
7560001300176S 013                                                                                                                                                                                                                              
7560001300177P 010563100000020064454 000027862201011     10 224101019930000001509202400000000001900000000 02A27082024115092024000000000000006000000000000000000000000000000000000000000000000000000                         1000   090000000000 
7560001300178Q 011000016909083865CATIA CIRLENE DE OLIVEIRA SANTOS        RUA ANUNCIATA ZACARDI CERCONI ,34       JARDIM VALERIA 07124545      GUARULHOSSP0000000000000000                                        000                            
7560001300179R 01000000000000000000000000000000000000000000000000115092024000000000000380                                                                                                              0000000000000000 000000000000  0         
7560001300180S 013                                                                                                                                                                                                                              
7560001300181P 010563100000020064454 000027863001011     10 224083216710000001009202400000000001977500000 02A27082024110092024000000000000007000000000000000000000000000000000000000000000000000000                         1000   090000000000 
7560001300182Q 011000099343460872WANDERLEY JOSE RAMOS VENANCIO           RUA URBANO SANTOS ,530                  SITIO DOS BRITO07182320      GUARULHOSSP0000000000000000                                        000                            
7560001300183R 01000000000000000000000000000000000000000000000000110092024000000000000396                                                                                                              0000000000000000 000000000000  0         
7560001300184S 013                                                                                                                                                                                                                              
7560001300185P 010563100000020064454 000027864701011     10 224185320380000001509202400000000001800000000 02A27082024115092024000000000000006000000000000000000000000000000000000000000000000000000                         1000   090000000000 
7560001300186Q 011000028048739860MARCELO DORNAS PANHOTTA NEVES           RUA ANTONIO RABELLO ,50                 JARDIM ALIANCA 07063080      GUARULHOSSP0000000000000000                                        000                            
7560001300187R 01000000000000000000000000000000000000000000000000115092024000000000000360                                                                                                              0000000000000000 000000000000  0         
7560001300188S 013                                                                                                                                                                                                                              
7560001300189P 010563100000020064454 000027865401011     10 224184120370000001509202400000000002000000000 02A27082024115092024000000000000007000000000000000000000000000000000000000000000000000000                         1000   090000000000 
7560001300190Q 011000028048739860MARCELO DORNAS PANHOTTA NEVES           RUA ANTONIO RABELLO ,50                 JARDIM ALIANCA 07063080      GUARULHOSSP0000000000000000                                        000                            
7560001300191R 01000000000000000000000000000000000000000000000000115092024000000000000400                                                                                                              0000000000000000 000000000000  0         
7560001300192S 013                                                                                                                                                                                                                              
7560001300193P 010563100000020064454 000027866101011     10 224158616900000001009202400000000002400000000 02A27082024110092024000000000000008000000000000000000000000000000000000000000000000000000                         1000   090000000000 
7560001300194Q 011000011874897867LUIZ ALEXANDRE PROFITTI                 RUA INDAIA ,200                         VILA PRUDENTE  03132125      SAO PAULOSP0000000000000000                                        000                            
7560001300195R 01000000000000000000000000000000000000000000000000110092024000000000000480                                                                                                              0000000000000000 000000000000  0         
7560001300196S 013                                                                                                                                                                                                                              
7560001300197P 010563100000020064454 000027867901011     10 224025318270000001009202400000000002547200000 02A27082024110092024000000000000008000000000000000000000000000000000000000000000000000000                         1000   090000000000 
7560001300198Q 011000039053153861SAMMYA M. DA S. SOUSA                   RUA SARGENTO DA AERONAUTICA ARIOVAL,404 CIDADE JARDIM C07181240      GUARULHOSSP0000000000000000                                        000                            
7560001300199R 01000000000000000000000000000000000000000000000000110092024000000000000509                                                                                                              0000000000000000 000000000000  0         
7560001300200S 013                                                                                                                                                                                                                              
7560001300201P 010563100000020064454 000027868601011     10 224086819000000001009202400000000002226000000 02A27082024110092024000000000000007000000000000000000000000000000000000000000000000000000                         1000   090000000000 
7560001300202Q 011000008563118803SIMONE SOARES ZUANETTI                  RUA JESUINO RABELLO ,196                VILA MILTON    07063150      GUARULHOSSP0000000000000000                                        000                            
7560001300203R 01000000000000000000000000000000000000000000000000110092024000000000000445                                                                                                              0000000000000000 000000000000  0         
7560001300204S 013                                                                                                                                                                                                                              
7560001300205P 010563100000020064454 000027869301011     10 224286653700000001009202400000000005561800000 02A27082024110092024000000000000018000000000000000000000000000000000000000000000000000000                         1000   090000000000 
7560001300206Q 011000009017220813SUZI SANTOS MONIZ                       ALAMEDA RIBEIRAO PRETO ,111             BELA VISTA     01331001      SAO PAULOSP0000000000000000                                        000                            
7560001300207R 01000000000000000000000000000000000000000000000000110092024000000000001112                                                                                                              0000000000000000 000000000000  0         
7560001300208S 013                                                                                                                                                                                                                              
7560001300209P 010563100000020064454 000027870101011     10 224028918730000001009202400000000003180000000 02A27082024110092024000000000000010000000000000000000000000000000000000000000000000000000                         1000   090000000000 
7560001300210Q 011000032837190802THAIS CRISTINA DA COSTA GHIDELLI CAMPOS AVENIDA LAURO GOMES ,111                RUDGE RAMOS    09635010SAO BERNARDO DOSP0000000000000000                                        000                            
7560001300211R 01000000000000000000000000000000000000000000000000110092024000000000000636                                                                                                              0000000000000000 000000000000  0         
7560001300212S 013                                                                                                                                                                                                                              
7560001300213P 010563100000020064454 000027871901011     10 224091615140000001009202400000000002224700000 02A27082024110092024000000000000007000000000000000000000000000000000000000000000000000000                         1000   090000000000 
7560001300214Q 011000004913644823VALQUIRIA DE CASSIA NUNES SOARES        RUA RODOVALHO JUNIOR ,44                PENHA DE FRANCA03605000      SAO PAULOSP0000000000000000                                        000                            
7560001300215R 01000000000000000000000000000000000000000000000000110092024000000000000445                                                                                                              0000000000000000 000000000000  0         
7560001300216S 013                                                                                                                                                                                                                              
7560001300217P 010563100000020064454 000027872601011     10 224164120230000001509202400000000001500000000 02A27082024115092024000000000000005000000000000000000000000000000000000000000000000000000                         1000   090000000000 
7560001300218Q 011000052570518859VITOR VIEIRA ALBUQUERQUE                RUA NOSSA SENHORA MAE DOS HOMENS ,1153  VILA PROGRESSO 07091000      GUARULHOSSP0000000000000000                                        000                            
7560001300219R 01000000000000000000000000000000000000000000000000115092024000000000000300                                                                                                              0000000000000000 000000000000  0         
7560001300220S 013                                                                                                                                                                                                                              
7560001300221P 010563100000020064454 000027873301011     10 223953518560000001509202400000000002800000000 02A27082024115092024000000000000009000000000000000000000000000000000000000000000000000000                         1000   090000000000 
7560001300222Q 011000049482848829WEVERTON BATISTA DOS SANTOS             RUA CARLOS LEITE DOS SANTOS ,88         PARQUE ARARIBA 05778120      SAO PAULOSP0000000000000000                                        000                            
7560001300223R 01000000000000000000000000000000000000000000000000115092024000000000000560                                                                                                              0000000000000000 000000000000  0         
7560001300224S 013                                                                                                                                                                                                                              
7560001300225P 010563100000020064454 000027874001011     10 224235820610000001009202400000000002600000000 02A27082024110092024000000000000009000000000000000000000000000000000000000000000000000000                         1000   090000000000 
7560001300226Q 011000029578120885JULIANA MARIA DE OLIVEIRA               RUA CARLOS MALHEIRO DIAS ,308           VILA PIRITUBA  05170040      SAO PAULOSP0000000000000000                                        000                            
7560001300227R 01000000000000000000000000000000000000000000000000110092024000000000000520                                                                                                              0000000000000000 000000000000  0         
7560001300228S 013                                                                                                                                                                                                                              
75600015         00005700005700000000001549679000000000000000000000000000000000000000000000000000000000000000000000                                                                                                                             
75699999         000001000057000000                                                                                                                                                                                                             