75600000         219895217000135                    0563100000020064454 IWS CURSOS DE IDIOMAS LTDA    SICOOB                                  10608202409071000000108100000                                                                     
75600011R01  040 2019895217000135                    0563100000020064454 IWS CURSOS DE IDIOMAS LTDA                                                                                    000046810608202400000000                                 
7560001300001P 010563100000020064454 000027624901011     10 223789011630000002008202400000000003148200000 02A06082024120082024000000000000010000000000000000000000000000000000000000000000000000000                         1000   090000000000 
7560001300002Q 011000047950320842ANA CLARA DE SOUZA RODRIGUES            RUA ENDRES ,973                         VILA DAS BANDEI07043000      GUARULHOSSP0000000000000000                                        000                            
7560001300003R 01000000000000000000000000000000000000000000000000120082024000000000000630                                                                                                              0000000000000000 000000000000  0         
7560001300004S 013                                                                                                                                                                                                                              
7560001300005P 010563100000020064454 000027625601011     10 224044319830000002008202400000000002500000000 02A06082024120082024000000000000008000000000000000000000000000000000000000000000000000000                         1000   090000000000 
7560001300006Q 011000044504887843CAMILA SILVA BARCELOS                   RUA UNIAO ,36                           VALE DOS MACHAD07082660      GUARULHOSSP0000000000000000                                        000                            
7560001300007R 01000000000000000000000000000000000000000000000000120082024000000000000500                                                                                                              0000000000000000 000000000000  0         
7560001300008S 013                                                                                                                                                                                                                              
7560001300009P 010563100000020064454 000027626301011     10 224126020150000002008202400000000001990000000 02A06082024120082024000000000000007000000000000000000000000000000000000000000000000000000                         1000   090000000000 
7560001300010Q 011000018352738828SILVIA CRISTINA DE SOUZA                AVENIDA ROTARY ,680                     VILA DAS BANDEI07042000      GUARULHOSSP0000000000000000                                        000                            
7560001300011R 01000000000000000000000000000000000000000000000000120082024000000000000398                                                                                                              0000000000000000 000000000000  0         
7560001300012S 013                                                                                                                                                                                                                              
7560001300013P 010563100000020064454 000027627001011     10 223983218430000002008202400000000001908000000 02A06082024120082024000000000000006000000000000000000000000000000000000000000000000000000                         1000   090000000000 
7560001300014Q 011000021895277833ERIC HENRIQUE VASCONCELLOS SANTOS       RUA CONEGO VALADAO ,161                 GOPOUVA        07040000      GUARULHOSSP0000000000000000                                        000                            
7560001300015R 01000000000000000000000000000000000000000000000000120082024000000000000382                                                                                                              0000000000000000 000000000000  0         
7560001300016S 013                                                                                                                                                                                                                              
7560001300017P 010563100000020064454 000027628801011     10 223984418940000002008202400000000002544000000 02A06082024120082024000000000000008000000000000000000000000000000000000000000000000000000                         1000   090000000000 
7560001300018Q 011000032198572800EVANDRO CARDOSO SOUZA                   RUA SANTA IZABEL ,329                   VILA AUGUSTA   07023022      GUARULHOSSP0000000000000000                                        000                            
7560001300019R 01000000000000000000000000000000000000000000000000120082024000000000000509                                                                                                              0000000000000000 000000000000  0         
7560001300020S 013                                                                                                                                                                                                                              
7560001300021P 010563100000020064454 000027629501011     10 223985618940000002008202400000000002544000000 02A06082024120082024000000000000008000000000000000000000000000000000000000000000000000000                         1000   090000000000 
7560001300022Q 011000032198572800EVANDRO CARDOSO SOUZA                   RUA SANTA IZABEL ,329                   VILA AUGUSTA   07023022      GUARULHOSSP0000000000000000                                        000                            
7560001300023R 01000000000000000000000000000000000000000000000000120082024000000000000509                                                                                                              0000000000000000 000000000000  0         
7560001300024S 013                                                                                                                                                                                                                              
7560001300025P 010563100000020064454 000027630301011     10 224270915580000002008202400000000003089900000 02A06082024120082024000000000000010000000000000000000000000000000000000000000000000000000                         1000   090000000000 
7560001300026Q 011000029368330867FABIO JURCZYSZYN                        AVENIDA MARIA ESTELA ,197               JARDIM MARIA ES04180010      SAO PAULOSP0000000000000000                                        000                            
7560001300027R 01000000000000000000000000000000000000000000000000120082024000000000000618                                                                                                              0000000000000000 000000000000  0         
7560001300028S 013                                                                                                                                                                                                                              
7560001300029P 010563100000020064454 000027631001011     10 223986818470000002008202400000000002056400000 02A06082024120082024000000000000007000000000000000000000000000000000000000000000000000000                         1000   090000000000 
7560001300030Q 011000021895277833ERIC HENRIQUE VASCONCELLOS SANTOS       RUA CONEGO VALADAO ,161                 GOPOUVA        07040000      GUARULHOSSP0000000000000000                                        000                            
7560001300031R 01000000000000000000000000000000000000000000000000120082024000000000000411                                                                                                              0000000000000000 000000000000  0         
7560001300032S 013                                                                                                                                                                                                                              
7560001300033P 010563100000020064454 000027632801011     10 224001214760000002008202400000000003150000000 02A06082024120082024000000000000010000000000000000000000000000000000000000000000000000000                         1000   090000000000 
7560001300034Q 011000043062398884KARINE ARAUJO DOS ANJOS                 RUA DONA ANTONIA ,269                   VILA DAS PALMEI07021000      GUARULHOSSP0000000000000000                                        000                            
7560001300035R 01000000000000000000000000000000000000000000000000120082024000000000000630                                                                                                              0000000000000000 000000000000  0         
7560001300036S 013                                                                                                                                                                                                                              
7560001300037P 010563100000020064454 000027633501011     10 224162620220000002008202400000000002500000000 02A06082024120082024000000000000008000000000000000000000000000000000000000000000000000000                         1000   090000000000 
7560001300038Q 011000038692878880LAIS NATACHA DE ARAUJO FUJITA           RUA MINISTRO BARROS PIMENTEL ,00        PARQUE MARIA LU03451130      SAO PAULOSP0000000000000000                                        000                            
7560001300039R 01000000000000000000000000000000000000000000000000120082024000000000000500                                                                                                              0000000000000000 000000000000  0         
7560001300040S 013                                                                                                                                                                                                                              
7560001300041P 010563100000020064454 000027634201011     10 223933032200000002008202400000000002650000000 02A06082024120082024000000000000009000000000000000000000000000000000000000000000000000000                         1000   090000000000 
7560001300042Q 011000037621716886LAYS MELO DE OLIVEIRA                   AVENIDA FLORINDA MARTINS BARBOSA ,283   JARDIM PALMIRA 07076100      GUARULHOSSP0000000000000000                                        000                            
7560001300043R 01000000000000000000000000000000000000000000000000120082024000000000000530                                                                                                              0000000000000000 000000000000  0         
7560001300044S 013                                                                                                                                                                                                                              
7560001300045P 010563100000020064454 000027635001011     10 223856719590000002008202400000000006000000000 02A06082024120082024000000000000020000000000000000000000000000000000000000000000000000000                         1000   090000000000 
7560001300046Q 011000027789099825DANIELA COLAPIETRO RODRIGUES            RUA CECILIA RODRIGUES SIQUEIRA ,        JARDIM CIDADE U58051830    JOAO PESSOAPB0000000000000000                                        000                            
7560001300047R 01000000000000000000000000000000000000000000000000120082024000000000001200                                                                                                              0000000000000000 000000000000  0         
7560001300048S 013                                                                                                                                                                                                                              
7560001300049P 010563100000020064454 000027636701011     10 224284135400000002008202400000000002699300000 02A06082024120082024000000000000009000000000000000000000000000000000000000000000000000000                         1000   090000000000 
7560001300050Q 011000021920881832MARCELO DA SILVA FREIRE                 RUA CONSUL ORESTES CORREA ,383          MACEDO         07197040      GUARULHOSSP0000000000000000                                        000                            
7560001300051R 01000000000000000000000000000000000000000000000000120082024000000000000540                                                                                                              0000000000000000 000000000000  0         
7560001300052S 013                                                                                                                                                                                                                              
7560001300053P 010563100000020064454 000027637401011     10 224007216170000002008202400000000002320300000 02A06082024120082024000000000000008000000000000000000000000000000000000000000000000000000                         1000   090000000000 
7560001300054Q 011000025095916819EDUARDO ALMEIDA ALENCAR ARRAIS          RUA MIGUEL BIONDI ,82                   JARDIM ALIANCA 07060080      GUARULHOSSP0000000000000000                                        000                            
7560001300055R 01000000000000000000000000000000000000000000000000120082024000000000000464                                                                                                              0000000000000000 000000000000  0         
7560001300056S 013                                                                                                                                                                                                                              
7560001300057P 010563100000020064454 000027638101011     10 224098537600000002008202400000000002500000000 02A06082024120082024000000000000008000000000000000000000000000000000000000000000000000000                         1000   090000000000 
7560001300058Q 011000031073432858MARIA ISABEL OLIVEIRA HAYASHI           RUA ANTONIO GOMES ,132                  VILA SANTO ANTO07093090      GUARULHOSSP0000000000000000                                        000                            
7560001300059R 01000000000000000000000000000000000000000000000000120082024000000000000500                                                                                                              0000000000000000 000000000000  0         
7560001300060S 013                                                                                                                                                                                                                              
7560001300061P 010563100000020064454 000027639901011     10 224299437600000002008202400000000000500000000 02A06082024120082024000000000000002000000000000000000000000000000000000000000000000000000                         1000   090000000000 
7560001300062Q 011000031073432858MARIA ISABEL OLIVEIRA HAYASHI           RUA ANTONIO GOMES ,132                  VILA SANTO ANTO07093090      GUARULHOSSP0000000000000000                                        000                            
7560001300063R 01000000000000000000000000000000000000000000000000120082024000000000000100                                                                                                              0000000000000000 000000000000  0         
7560001300064S 013                                                                                                                                                                                                                              
7560001300065P 010563100000020064454 000027640701011     10 224334520770000002008202400000000003450000000 02A06082024120082024000000000000011000000000000000000000000000000000000000000000000000000                         1000   090000000000 
7560001300066Q 011000027757867827MIRIAN FREIRE IWATA                     RUA ALBERTO HINOTO BENTO ,294           MACEDO         07197140      GUARULHOSSP0000000000000000                                        000                            
7560001300067R 01000000000000000000000000000000000000000000000000120082024000000000000690                                                                                                              0000000000000000 000000000000  0         
7560001300068S 013                                                                                                                                                                                                                              
7560001300069P 010563100000020064454 000027641401011     10 224182220360000002008202400000000002870000000 02A06082024120082024000000000000009000000000000000000000000000000000000000000000000000000                         1000   090000000000 
7560001300070Q 011000036613110850NATALIA APARECIDA DE PAULA RIBEIRO      RUA ENDRES ,325                         VILA DAS BANDEI07043000      GUARULHOSSP0000000000000000                                        000                            
7560001300071R 01000000000000000000000000000000000000000000000000120082024000000000000574                                                                                                              0000000000000000 000000000000  0         
7560001300072S 013                                                                                                                                                                                                                              
7560001300073P 010563100000020064454 000027642101011     10 223854957200000002008202400000000003710000000 02A06082024120082024000000000000012000000000000000000000000000000000000000000000000000000                         1000   090000000000 
7560001300074Q 011000026425715804WALQUIRIA BATISTA DA SILVA              RUA AFONSO CUNHA ,1352                  JARDIM CUMBICA 07240370      GUARULHOSSP0000000000000000                                        000                            
7560001300075R 01000000000000000000000000000000000000000000000000120082024000000000000742                                                                                                              0000000000000000 000000000000  0         
7560001300076S 013                                                                                                                                                                                                                              
75600015         00001900001900000000000521301000000000000000000000000000000000000000000000000000000000000000000000                                                                                                                             
75699999         000001000019000000                                                                                                                                                                                                             