75600000         219895217000135                    0563100000020064454 IWS CURSOS DE IDIOMAS LTDA    SICOOB                                  13107202413421200000108100000                                                                     
75600011R01  040 2019895217000135                    0563100000020064454 IWS CURSOS DE IDIOMAS LTDA                                                                                    000046693107202400000000                                 
7560001300001P 010563100000020064454 000027564101011     10 223974816330000001508202400000000001908000000 02A31072024115082024000000000000006000000000000000000000000000000000000000000000000000000                         1000   090000000000 
7560001300002Q 011000030578064812CLEBER ROBERTO BERGER                   PRACA CAPITAO ALBERTO MENDES JUNIO,71   CENTRO         07012031      GUARULHOSSP0000000000000000                                        000                            
7560001300003R 01000000000000000000000000000000000000000000000000115082024000000000000382                                                                                                              0000000000000000 000000000000  0         
7560001300004S 013                                                                                                                                                                                                                              
7560001300005P 010563100000020064454 000027565901011     10 223791415600000001508202400000000002650000000 02A31072024115082024000000000000009000000000000000000000000000000000000000000000000000000                         1000   090000000000 
7560001300006Q 011000036374365828DRIELE PINHEIRO SANTOS                  RUA NATERCIA ,161                       VILA NOVA BONSU07176340      GUARULHOSSP0000000000000000                                        000                            
7560001300007R 01000000000000000000000000000000000000000000000000115082024000000000000530                                                                                                              0000000000000000 000000000000  0         
7560001300008S 013                                                                                                                                                                                                                              
7560001300009P 010563100000020064454 000027566601011     10 223979618980000001508202400000000002109400000 02A31072024115082024000000000000007000000000000000000000000000000000000000000000000000000                         1000   090000000000 
7560001300010Q 011000032297933827THALITA ALESSANDRA DE SOUZA             RUA ANTONIO GOMES ,135                  VILA SANTO ANTO07093090      GUARULHOSSP0000000000000000                                        000                            
7560001300011R 01000000000000000000000000000000000000000000000000115082024000000000000422                                                                                                              0000000000000000 000000000000  0         
7560001300012S 013                                                                                                                                                                                                                              
7560001300013P 010563100000020064454 000027567301011     10 224169912400000001508202400000000003500000000 02A31072024115082024000000000000012000000000000000000000000000000000000000000000000000000                         1000   090000000000 
7560001300014Q 011000052522627805ERIC VINICIUS DA SILVA MARTINS          RUA NIDIA ,221                          CIDADE PARQUE A07242400      GUARULHOSSP0000000000000000                                        000                            
7560001300015R 01000000000000000000000000000000000000000000000000115082024000000000000700                                                                                                              0000000000000000 000000000000  0         
7560001300016S 013                                                                                                                                                                                                                              
7560001300017P 010563100000020064454 000027568001011     10 223912613190000001508202400000000006572000000 02A31072024115082024000000000000022000000000000000000000000000000000000000000000000000000                         1000   090000000000 
7560001300018Q 011000027899694850EVANDRO DE SANTANA CAVICCHIO            RUA TOCANTINOPOLIS ,645                 JARDIM IPORANGA07124100      GUARULHOSSP0000000000000000                                        000                            
7560001300019R 01000000000000000000000000000000000000000000000000115082024000000000001314                                                                                                              0000000000000000 000000000000  0         
7560001300020S 013                                                                                                                                                                                                                              
7560001300021P 010563100000020064454 000027569801011     10 224256520650000001508202400000000003700000000 02A31072024115082024000000000000012000000000000000000000000000000000000000000000000000000                         1000   090000000000 
7560001300022Q 011000032100160893FERNANDA GHIRALDI NOBRE                 RUA DOUTOR ELOY CHAVES ,273             VILA SOROCABANA07024181      GUARULHOSSP0000000000000000                                        000                            
7560001300023R 01000000000000000000000000000000000000000000000000115082024000000000000740                                                                                                              0000000000000000 000000000000  0         
7560001300024S 013                                                                                                                                                                                                                              
7560001300025P 010563100000020064454 000027570601011     10 224205215280000001508202400000000002400000000 02A31072024115082024000000000000008000000000000000000000000000000000000000000000000000000                         1000   090000000000 
7560001300026Q 011000031112058869MARCIA ROSA DE ARRUDA                   AVENIDA SALGADO FILHO ,3938             CENTRO         07115000      GUARULHOSSP0000000000000000                                        000                            
7560001300027R 01000000000000000000000000000000000000000000000000115082024000000000000480                                                                                                              0000000000000000 000000000000  0         
7560001300028S 013                                                                                                                                                                                                                              
7560001300029P 010563100000020064454 000027571301011     10 224148917040000001508202400000000001977500000 02A31072024115082024000000000000007000000000000000000000000000000000000000000000000000000                         1000   090000000000 
7560001300030Q 011000016027907878MARCIA SAPATA DA SILVA                  RUA NARAIN SINGH LUSCHINI ,149          PARQUE CONTINEN07085010      GUARULHOSSP0000000000000000                                        000                            
7560001300031R 01000000000000000000000000000000000000000000000000115082024000000000000396                                                                                                              0000000000000000 000000000000  0         
7560001300032S 013                                                                                                                                                                                                                              
7560001300033P 010563100000020064454 000027572001011     10 224077119030000001508202400000000001590000000 02A31072024115082024000000000000005000000000000000000000000000000000000000000000000000000                         1000   090000000000 
7560001300034Q 011000032297933827THALITA ALESSANDRA DE SOUZA             RUA ANTONIO GOMES ,135                  VILA SANTO ANTO07093090      GUARULHOSSP0000000000000000                                        000                            
7560001300035R 01000000000000000000000000000000000000000000000000115082024000000000000318                                                                                                              0000000000000000 000000000000  0         
7560001300036S 013                                                                                                                                                                                                                              
7560001300037P 010563100000020064454 000027573801011     10 224228820540000001508202400000000003200000000 02A31072024115082024000000000000011000000000000000000000000000000000000000000000000000000                         1000   090000000000 
7560001300038Q 011000033338296819LEIDIANE DOS SANTOS GOMES               RUA IBIRAJUBA ,487                      JARDIM MONTE CA07194000      GUARULHOSSP0000000000000000                                        000                            
7560001300039R 01000000000000000000000000000000000000000000000000115082024000000000000640                                                                                                              0000000000000000 000000000000  0         
7560001300040S 013                                                                                                                                                                                                                              
7560001300041P 010563100000020064454 000027574501011     10 223889815830000001508202400000000006996000000 02A31072024115082024000000000000023000000000000000000000000000000000000000000000000000000                         1000   090000000000 
7560001300042Q 011000024985557811VIVIANE MAGLIANO                        RUA CATAO ,626                          VILA ROMANA    05049000      SAO PAULOSP0000000000000000                                        000                            
7560001300043R 01000000000000000000000000000000000000000000000000115082024000000000001399                                                                                                              0000000000000000 000000000000  0         
7560001300044S 013                                                                                                                                                                                                                              
7560001300045P 010563100000020064454 000027575201011     10 224100919930000001508202400000000001900000000 02A31072024115082024000000000000006000000000000000000000000000000000000000000000000000000                         1000   090000000000 
7560001300046Q 011000016909083865CATIA CIRLENE DE OLIVEIRA SANTOS        RUA ANUNCIATA ZACARDI CERCONI ,34       JARDIM VALERIA 07124545      GUARULHOSSP0000000000000000                                        000                            
7560001300047R 01000000000000000000000000000000000000000000000000115082024000000000000380                                                                                                              0000000000000000 000000000000  0         
7560001300048S 013                                                                                                                                                                                                                              
7560001300049P 010563100000020064454 000027576001011     10 224185220380000001508202400000000001800000000 02A31072024115082024000000000000006000000000000000000000000000000000000000000000000000000                         1000   090000000000 
7560001300050Q 011000028048739860MARCELO DORNAS PANHOTTA NEVES           RUA ANTONIO RABELLO ,50                 JARDIM ALIANCA 07063080      GUARULHOSSP0000000000000000                                        000                            
7560001300051R 01000000000000000000000000000000000000000000000000115082024000000000000360                                                                                                              0000000000000000 000000000000  0         
7560001300052S 013                                                                                                                                                                                                                              
7560001300053P 010563100000020064454 000027577701011     10 224184020370000001508202400000000002000000000 02A31072024115082024000000000000007000000000000000000000000000000000000000000000000000000                         1000   090000000000 
7560001300054Q 011000028048739860MARCELO DORNAS PANHOTTA NEVES           RUA ANTONIO RABELLO ,50                 JARDIM ALIANCA 07063080      GUARULHOSSP0000000000000000                                        000                            
7560001300055R 01000000000000000000000000000000000000000000000000115082024000000000000400                                                                                                              0000000000000000 000000000000  0         
7560001300056S 013                                                                                                                                                                                                                              
7560001300057P 010563100000020064454 000027578401011     10 224164020230000001508202400000000001500000000 02A31072024115082024000000000000005000000000000000000000000000000000000000000000000000000                         1000   090000000000 
7560001300058Q 011000052570518859VITOR VIEIRA ALBUQUERQUE                RUA NOSSA SENHORA MAE DOS HOMENS ,1153  VILA PROGRESSO 07091000      GUARULHOSSP0000000000000000                                        000                            
7560001300059R 01000000000000000000000000000000000000000000000000115082024000000000000300                                                                                                              0000000000000000 000000000000  0         
7560001300060S 013                                                                                                                                                                                                                              
7560001300061P 010563100000020064454 000027579101011     10 223953418560000001508202400000000002800000000 02A31072024115082024000000000000009000000000000000000000000000000000000000000000000000000                         1000   090000000000 
7560001300062Q 011000049482848829WEVERTON BATISTA DOS SANTOS             RUA CARLOS LEITE DOS SANTOS ,88         PARQUE ARARIBA 05778120      SAO PAULOSP0000000000000000                                        000                            
7560001300063R 01000000000000000000000000000000000000000000000000115082024000000000000560                                                                                                              0000000000000000 000000000000  0         
7560001300064S 013                                                                                                                                                                                                                              
75600015         00001600001600000000000466029000000000000000000000000000000000000000000000000000000000000000000000                                                                                                                             
75699999         000001000016000000                                                                                                                                                                                                             