75600000         219895217000135                    0563100000020064454 IWS CURSOS DE IDIOMAS LTDA    SICOOB                                  10706202112491700000108100000                                                                     
75600011R01  040 2019895217000135                    0563100000020064454 IWS CURSOS DE IDIOMAS LTDA                                                                                    000025030706202100000000                                 
7560001300001P 010563100000020064454 000013823101011     10 222431999900000000706202100000000000050000000 02A07062021107062021000000000000000000000000000000000000000000000000000000000000000000000                         1000   090000000000 
7560001300002Q 011000033390590803MICHEL FERNANDES RAMOS                  RUA CASEMIRO DIAS ,297                  VILA NOVA      19010280PRESIDENTE PRUDSP0000000000000000                                        000                            
7560001300003R 01000000000000000000000000000000000000000000000000107062021000000000000010                                                                                                              0000000000000000 000000000000  0         
7560001300004S 013                                                                                                                                                                                                                              
7560001300005P 010563100000020064454 000013824901011     10 222432099900000000707202100000000000050000000 02A07062021107072021000000000000000000000000000000000000000000000000000000000000000000000                         1000   090000000000 
7560001300006Q 011000033390590803MICHEL FERNANDES RAMOS                  RUA CASEMIRO DIAS ,297                  VILA NOVA      19010280PRESIDENTE PRUDSP0000000000000000                                        000                            
7560001300007R 01000000000000000000000000000000000000000000000000107072021000000000000010                                                                                                              0000000000000000 000000000000  0         
7560001300008S 013                                                                                                                                                                                                                              
7560001300009P 010563100000020064454 000013825601011     10 222432199900000000708202100000000000050000000 02A07062021107082021000000000000000000000000000000000000000000000000000000000000000000000                         1000   090000000000 
7560001300010Q 011000033390590803MICHEL FERNANDES RAMOS                  RUA CASEMIRO DIAS ,297                  VILA NOVA      19010280PRESIDENTE PRUDSP0000000000000000                                        000                            
7560001300011R 01000000000000000000000000000000000000000000000000107082021000000000000010                                                                                                              0000000000000000 000000000000  0         
7560001300012S 013                                                                                                                                                                                                                              
7560001300013P 010563100000020064454 000013826301011     10 222432299900000000709202100000000000050000000 02A07062021107092021000000000000000000000000000000000000000000000000000000000000000000000                         1000   090000000000 
7560001300014Q 011000033390590803MICHEL FERNANDES RAMOS                  RUA CASEMIRO DIAS ,297                  VILA NOVA      19010280PRESIDENTE PRUDSP0000000000000000                                        000                            
7560001300015R 01000000000000000000000000000000000000000000000000107092021000000000000010                                                                                                              0000000000000000 000000000000  0         
7560001300016S 013                                                                                                                                                                                                                              
7560001300017P 010563100000020064454 000013827001011     10 222432399900000000710202100000000000050000000 02A07062021107102021000000000000000000000000000000000000000000000000000000000000000000000                         1000   090000000000 
7560001300018Q 011000033390590803MICHEL FERNANDES RAMOS                  RUA CASEMIRO DIAS ,297                  VILA NOVA      19010280PRESIDENTE PRUDSP0000000000000000                                        000                            
7560001300019R 01000000000000000000000000000000000000000000000000107102021000000000000010                                                                                                              0000000000000000 000000000000  0         
7560001300020S 013                                                                                                                                                                                                                              
7560001300021P 010563100000020064454 000013828801011     10 222432499900000000711202100000000000050000000 02A07062021107112021000000000000000000000000000000000000000000000000000000000000000000000                         1000   090000000000 
7560001300022Q 011000033390590803MICHEL FERNANDES RAMOS                  RUA CASEMIRO DIAS ,297                  VILA NOVA      19010280PRESIDENTE PRUDSP0000000000000000                                        000                            
7560001300023R 01000000000000000000000000000000000000000000000000107112021000000000000010                                                                                                              0000000000000000 000000000000  0         
7560001300024S 013                                                                                                                                                                                                                              
7560001300025P 010563100000020064454 000013829501011     10 222432599900000000712202100000000000050000000 02A07062021107122021000000000000000000000000000000000000000000000000000000000000000000000                         1000   090000000000 
7560001300026Q 011000033390590803MICHEL FERNANDES RAMOS                  RUA CASEMIRO DIAS ,297                  VILA NOVA      19010280PRESIDENTE PRUDSP0000000000000000                                        000                            
7560001300027R 01000000000000000000000000000000000000000000000000107122021000000000000010                                                                                                              0000000000000000 000000000000  0         
7560001300028S 013                                                                                                                                                                                                                              
7560001300029P 010563100000020064454 000013830301011     10 222432699900000000701202200000000000050000000 02A07062021107012022000000000000000000000000000000000000000000000000000000000000000000000                         1000   090000000000 
7560001300030Q 011000033390590803MICHEL FERNANDES RAMOS                  RUA CASEMIRO DIAS ,297                  VILA NOVA      19010280PRESIDENTE PRUDSP0000000000000000                                        000                            
7560001300031R 01000000000000000000000000000000000000000000000000107012022000000000000010                                                                                                              0000000000000000 000000000000  0         
7560001300032S 013                                                                                                                                                                                                                              
7560001300033P 010563100000020064454 000013831001011     10 222432799900000000702202200000000000050000000 02A07062021107022022000000000000000000000000000000000000000000000000000000000000000000000                         1000   090000000000 
7560001300034Q 011000033390590803MICHEL FERNANDES RAMOS                  RUA CASEMIRO DIAS ,297                  VILA NOVA      19010280PRESIDENTE PRUDSP0000000000000000                                        000                            
7560001300035R 01000000000000000000000000000000000000000000000000107022022000000000000010                                                                                                              0000000000000000 000000000000  0         
7560001300036S 013                                                                                                                                                                                                                              
7560001300037P 010563100000020064454 000013832801011     10 222432899900000000703202200000000000050000000 02A07062021107032022000000000000000000000000000000000000000000000000000000000000000000000                         1000   090000000000 
7560001300038Q 011000033390590803MICHEL FERNANDES RAMOS                  RUA CASEMIRO DIAS ,297                  VILA NOVA      19010280PRESIDENTE PRUDSP0000000000000000                                        000                            
7560001300039R 01000000000000000000000000000000000000000000000000107032022000000000000010                                                                                                              0000000000000000 000000000000  0         
7560001300040S 013                                                                                                                                                                                                                              
75600015         00001000001000000000000005000000000000000000000000000000000000000000000000000000000000000000000000                                                                                                                             
75699999         000001000010000000                                                                                                                                                                                                             