75600000         219895217000135                    0563100000020064454 IWS CURSOS DE IDIOMAS LTDA    SICOOB                                  12108202413482100000108100000                                                                     
75600011R01  040 2019895217000135                    0563100000020064454 IWS CURSOS DE IDIOMAS LTDA                                                                                    000047012108202400000000                                 
7560001300001P 010563100000020064454 000027746201011     10 224376021080000003008202400000000002670000000 02A21082024130082024000000000000009000000000000000000000000000000000000000000000000000000                         1000   090000000000 
7560001300002Q 011000048444666823ALYSON VINICIUS FREITAS DOS SANTOS      RUA CATUIPE ,345                        CIDADE BRASIL  07052200      GUARULHOSSP0000000000000000                                        000                            
7560001300003R 01000000000000000000000000000000000000000000000000130082024000000000000534                                                                                                              0000000000000000 000000000000  0         
7560001300004S 013                                                                                                                                                                                                                              
7560001300005P 010563100000020064454 000027747001011     10 224374821070000003008202400000000002300000000 02A21082024130082024000000000000008000000000000000000000000000000000000000000000000000000                         1000   090000000000 
7560001300006Q 011000022943219878CINTIA REGINA DE FREITAS                ESTRADA DO SABAO ,1018                  JARDIM DORALY  07075270      GUARULHOSSP0000000000000000                                        000                            
7560001300007R 01000000000000000000000000000000000000000000000000130082024000000000000460                                                                                                              0000000000000000 000000000000  0         
7560001300008S 013                                                                                                                                                                                                                              
7560001300009P 010563100000020064454 000027748701011     10 224377621090000003008202400000000002300000000 02A21082024130082024000000000000008000000000000000000000000000000000000000000000000000000                         1000   090000000000 
7560001300010Q 011000029447536816JANAINE CIRILA SILVA                    MORA NOS ESTANOS UNIDOS ,                              00000000                 0000000000000000                                        000                            
7560001300011R 01000000000000000000000000000000000000000000000000130082024000000000000460                                                                                                              0000000000000000 000000000000  0         
7560001300012S 013                                                                                                                                                                                                                              
7560001300013P 010563100000020064454 000027749401011     10 224378821090000003008202400000000001400000000 02A21082024130082024000000000000005000000000000000000000000000000000000000000000000000000                         1000   090000000000 
7560001300014Q 011000029447536816JANAINE CIRILA SILVA                    MORA NOS ESTANOS UNIDOS ,                              00000000                 0000000000000000                                        000                            
7560001300015R 01000000000000000000000000000000000000000000000000130082024000000000000280                                                                                                              0000000000000000 000000000000  0         
7560001300016S 013                                                                                                                                                                                                                              
75600015         00000400000400000000000086700000000000000000000000000000000000000000000000000000000000000000000000                                                                                                                             
75699999         000001000004000000                                                                                                                                                                                                             