75600000         219895217000135                    0563100000020064454 IWS CURSOS DE IDIOMAS LTDA    SICOOB                                  11507202413184400000108100000                                                                     
75600011R01  040 2019895217000135                    0563100000020064454 IWS CURSOS DE IDIOMAS LTDA                                                                                    000046421507202400000000                                 
7560001300001P 010563100000020064454 000027383801011     10 223881412500000002508202400000000004081000000 02A15072024125082024000000000000013000000000000000000000000000000000000000000000000000000                         1000   090000000000 
7560001300002Q 011000042566921857GUSTAVO SALES SANCHES                   RUA LEON DINIZ ,146                     JARDIM TRANQUIL07054070      GUARULHOSSP0000000000000000                                        000                            
7560001300003R 01000000000000000000000000000000000000000000000000125082024000000000000816                                                                                                              0000000000000000 000000000000  0         
7560001300004S 013                                                                                                                                                                                                                              
75600015         00000100000100000000000040810000000000000000000000000000000000000000000000000000000000000000000000                                                                                                                             
75699999         000001000001000000                                                                                                                                                                                                             