75600000         232970660000191                    0563100000020098014 EDUULMC CURSOS DE IDIOMAS EIRESICOOB                                  11410202415464400000108100000                                                                     
75600011R01  040 2032970660000191                    0563100000020098014 EDUULMC CURSOS DE IDIOMAS EIRE                                                                                000047771410202400000000                                 
7560001300001P 010563100000020098014 000028376501011     10 224427121320000002010202400000000002830000000 02A14102024120102024000000000000009000000000000000000000000000000000000000000000000000000                         1000   090000000000 
7560001300002Q 011000003344958496MARCELA BARRETO DE OLIVEIRA             RUA LUIZ PRIMOLA DA SILVA ,117          BANCARIOS      58051340    JOAO PESSOAPB0000000000000000                                        000                            
7560001300003R 01000000000000000000000000000000000000000000000000120102024000000000000566                                                                                                              0000000000000000 000000000000  0         
7560001300004S 013                                                                                                                                                                                                                              
75600015         00000100000100000000000028300000000000000000000000000000000000000000000000000000000000000000000000                                                                                                                             
75699999         000001000001000000                                                                                                                                                                                                             