75600000         219895217000135                    0563100000020064454 IWS CURSOS DE IDIOMAS LTDA    SICOOB                                  11209202410261400000108100000                                                                     
75600011R01  040 2019895217000135                    0563100000020064454 IWS CURSOS DE IDIOMAS LTDA                                                                                    000047391209202400000000                                 
7560001300001P 010563100000020064454 000028013601011     10 224407121190000001509202400000000003870000000 02A12092024115092024000000000000013000000000000000000000000000000000000000000000000000000                         1000   090000000000 
7560001300002Q 011000026557159852CRISTIANE JULIARI                       RUA LUZIA BALZANI ,102                  VILA MOREIRA   07020021      GUARULHOSSP0000000000000000                                        000                            
7560001300003R 01000000000000000000000000000000000000000000000000115092024000000000000774                                                                                                              0000000000000000 000000000000  0         
7560001300004S 013                                                                                                                                                                                                                              
7560001300005P 010563100000020064454 000028014301011     10 224408321190000001509202400000000000750000000 02A12092024115092024000000000000002000000000000000000000000000000000000000000000000000000                         1000   090000000000 
7560001300006Q 011000026557159852CRISTIANE JULIARI                       RUA LUZIA BALZANI ,102                  VILA MOREIRA   07020021      GUARULHOSSP0000000000000000                                        000                            
7560001300007R 01000000000000000000000000000000000000000000000000115092024000000000000150                                                                                                              0000000000000000 000000000000  0         
7560001300008S 013                                                                                                                                                                                                                              
75600015         00000200000200000000000046200000000000000000000000000000000000000000000000000000000000000000000000                                                                                                                             
75699999         000001000002000000                                                                                                                                                                                                             