75600000         219895217000135                    0563100000020064454 IWS CURSOS DE IDIOMAS LTDA    SICOOB                                  10306202412142600000108100000                                                                     
75600011R01  040 2019895217000135                    0563100000020064454 IWS CURSOS DE IDIOMAS LTDA                                                                                    000045860306202400000000                                 
7560001300001P 010563100000020064454 000026946701011     10 223974616330000001506202400000000001908000000 02A03062024115062024000000000000006000000000000000000000000000000000000000000000000000000                         1000   090000000000 
7560001300002Q 011000030578064812CLEBER ROBERTO BERGER                   PRACA CAPITAO ALBERTO MENDES JUNIO,71   CENTRO         07012031      GUARULHOSSP0000000000000000                                        000                            
7560001300003R 01000000000000000000000000000000000000000000000000115062024000000000000382                                                                                                              0000000000000000 000000000000  0         
7560001300004S 013                                                                                                                                                                                                                              
7560001300005P 010563100000020064454 000026947401011     10 223791215600000001506202400000000002650000000 02A03062024115062024000000000000009000000000000000000000000000000000000000000000000000000                         1000   090000000000 
7560001300006Q 011000036374365828DRIELE PINHEIRO SANTOS                  RUA NATERCIA ,161                       VILA NOVA BONSU07176340      GUARULHOSSP0000000000000000                                        000                            
7560001300007R 01000000000000000000000000000000000000000000000000115062024000000000000530                                                                                                              0000000000000000 000000000000  0         
7560001300008S 013                                                                                                                                                                                                                              
7560001300009P 010563100000020064454 000026948101011     10 223979418980000001506202400000000002109400000 02A03062024115062024000000000000007000000000000000000000000000000000000000000000000000000                         1000   090000000000 
7560001300010Q 011000032297933827THALITA ALESSANDRA DE SOUZA             RUA ANTONIO GOMES ,135                  VILA SANTO ANTO07093090      GUARULHOSSP0000000000000000                                        000                            
7560001300011R 01000000000000000000000000000000000000000000000000115062024000000000000422                                                                                                              0000000000000000 000000000000  0         
7560001300012S 013                                                                                                                                                                                                                              
7560001300013P 010563100000020064454 000026949901011     10 224169712400000001506202400000000003500000000 02A03062024115062024000000000000012000000000000000000000000000000000000000000000000000000                         1000   090000000000 
7560001300014Q 011000052522627805ERIC VINICIUS DA SILVA MARTINS          RUA NIDIA ,221                          CIDADE PARQUE A07242400      GUARULHOSSP0000000000000000                                        000                            
7560001300015R 01000000000000000000000000000000000000000000000000115062024000000000000700                                                                                                              0000000000000000 000000000000  0         
7560001300016S 013                                                                                                                                                                                                                              
7560001300017P 010563100000020064454 000026950701011     10 223912413190000001506202400000000006572000000 02A03062024115062024000000000000022000000000000000000000000000000000000000000000000000000                         1000   090000000000 
7560001300018Q 011000027899694850EVANDRO DE SANTANA CAVICCHIO            RUA TOCANTINOPOLIS ,645                 JARDIM IPORANGA07124100      GUARULHOSSP0000000000000000                                        000                            
7560001300019R 01000000000000000000000000000000000000000000000000115062024000000000001314                                                                                                              0000000000000000 000000000000  0         
7560001300020S 013                                                                                                                                                                                                                              
7560001300021P 010563100000020064454 000026951401011     10 224256320650000001506202400000000003700000000 02A03062024115062024000000000000012000000000000000000000000000000000000000000000000000000                         1000   090000000000 
7560001300022Q 011000032100160893FERNANDA GHIRALDI NOBRE                 RUA DOUTOR ELOY CHAVES ,273             VILA SOROCABANA07024181      GUARULHOSSP0000000000000000                                        000                            
7560001300023R 01000000000000000000000000000000000000000000000000115062024000000000000740                                                                                                              0000000000000000 000000000000  0         
7560001300024S 013                                                                                                                                                                                                                              
7560001300025P 010563100000020064454 000026952101011     10 223822914190000001506202400000000002214200000 02A03062024115062024000000000000007000000000000000000000000000000000000000000000000000000                         1000   090000000000 
7560001300026Q 011000000980658829FRANCISCA MIRIAN SOUZA SANTOS PINHEIRO  RUA NATERCIA ,167                       VILA NOVA BONSU07176340      GUARULHOSSP0000000000000000                                        000                            
7560001300027R 01000000000000000000000000000000000000000000000000115062024000000000000443                                                                                                              0000000000000000 000000000000  0         
7560001300028S 013                                                                                                                                                                                                                              
7560001300029P 010563100000020064454 000026953901011     10 224205015280000001506202400000000002719100000 02A03062024115062024000000000000009000000000000000000000000000000000000000000000000000000                         1000   090000000000 
7560001300030Q 011000031112058869MARCIA ROSA DE ARRUDA                   AVENIDA SALGADO FILHO ,3938             CENTRO         07115000      GUARULHOSSP0000000000000000                                        000                            
7560001300031R 01000000000000000000000000000000000000000000000000115062024000000000000544                                                                                                              0000000000000000 000000000000  0         
7560001300032S 013                                                                                                                                                                                                                              
7560001300033P 010563100000020064454 000026954601011     10 224148717040000001506202400000000001977500000 02A03062024115062024000000000000007000000000000000000000000000000000000000000000000000000                         1000   090000000000 
7560001300034Q 011000016027907878MARCIA SAPATA DA SILVA                  RUA NARAIN SINGH LUSCHINI ,149          PARQUE CONTINEN07085010      GUARULHOSSP0000000000000000                                        000                            
7560001300035R 01000000000000000000000000000000000000000000000000115062024000000000000396                                                                                                              0000000000000000 000000000000  0         
7560001300036S 013                                                                                                                                                                                                                              
7560001300037P 010563100000020064454 000026955301011     10 224076919030000001506202400000000001590000000 02A03062024115062024000000000000005000000000000000000000000000000000000000000000000000000                         1000   090000000000 
7560001300038Q 011000032297933827THALITA ALESSANDRA DE SOUZA             RUA ANTONIO GOMES ,135                  VILA SANTO ANTO07093090      GUARULHOSSP0000000000000000                                        000                            
7560001300039R 01000000000000000000000000000000000000000000000000115062024000000000000318                                                                                                              0000000000000000 000000000000  0         
7560001300040S 013                                                                                                                                                                                                                              
7560001300041P 010563100000020064454 000026956001011     10 224224419030000001506202400000000000500000000 02A03062024115062024000000000000002000000000000000000000000000000000000000000000000000000                         1000   090000000000 
7560001300042Q 011000032297933827THALITA ALESSANDRA DE SOUZA             RUA ANTONIO GOMES ,135                  VILA SANTO ANTO07093090      GUARULHOSSP0000000000000000                                        000                            
7560001300043R 01000000000000000000000000000000000000000000000000115062024000000000000100                                                                                                              0000000000000000 000000000000  0         
7560001300044S 013                                                                                                                                                                                                                              
7560001300045P 010563100000020064454 000026957801011     10 224228620540000001506202400000000003200000000 02A03062024115062024000000000000011000000000000000000000000000000000000000000000000000000                         1000   090000000000 
7560001300046Q 011000033338296819LEIDIANE DOS SANTOS GOMES               RUA IBIRAJUBA ,487                      JARDIM MONTE CA07194000      GUARULHOSSP0000000000000000                                        000                            
7560001300047R 01000000000000000000000000000000000000000000000000115062024000000000000640                                                                                                              0000000000000000 000000000000  0         
7560001300048S 013                                                                                                                                                                                                                              
7560001300049P 010563100000020064454 000026958501011     10 223889615830000001506202400000000006996000000 02A03062024115062024000000000000023000000000000000000000000000000000000000000000000000000                         1000   090000000000 
7560001300050Q 011000024985557811VIVIANE MAGLIANO                        RUA CATAO ,626                          VILA ROMANA    05049000      SAO PAULOSP0000000000000000                                        000                            
7560001300051R 01000000000000000000000000000000000000000000000000115062024000000000001399                                                                                                              0000000000000000 000000000000  0         
7560001300052S 013                                                                                                                                                                                                                              
7560001300053P 010563100000020064454 000026959201011     10 224100719930000001506202400000000001900000000 02A03062024115062024000000000000006000000000000000000000000000000000000000000000000000000                         1000   090000000000 
7560001300054Q 011000016909083865CATIA CIRLENE DE OLIVEIRA SANTOS        RUA ANUNCIATA ZACARDI CERCONI ,34       JARDIM VALERIA 07124545      GUARULHOSSP0000000000000000                                        000                            
7560001300055R 01000000000000000000000000000000000000000000000000115062024000000000000380                                                                                                              0000000000000000 000000000000  0         
7560001300056S 013                                                                                                                                                                                                                              
7560001300057P 010563100000020064454 000026960001011     10 224185020380000001506202400000000001800000000 02A03062024115062024000000000000006000000000000000000000000000000000000000000000000000000                         1000   090000000000 
7560001300058Q 011000028048739860MARCELO DORNAS PANHOTTA NEVES           RUA ANTONIO RABELLO ,50                 JARDIM ALIANCA 07063080      GUARULHOSSP0000000000000000                                        000                            
7560001300059R 01000000000000000000000000000000000000000000000000115062024000000000000360                                                                                                              0000000000000000 000000000000  0         
7560001300060S 013                                                                                                                                                                                                                              
7560001300061P 010563100000020064454 000026961801011     10 224183820370000001506202400000000002000000000 02A03062024115062024000000000000007000000000000000000000000000000000000000000000000000000                         1000   090000000000 
7560001300062Q 011000028048739860MARCELO DORNAS PANHOTTA NEVES           RUA ANTONIO RABELLO ,50                 JARDIM ALIANCA 07063080      GUARULHOSSP0000000000000000                                        000                            
7560001300063R 01000000000000000000000000000000000000000000000000115062024000000000000400                                                                                                              0000000000000000 000000000000  0         
7560001300064S 013                                                                                                                                                                                                                              
7560001300065P 010563100000020064454 000026962501011     10 224163820230000001506202400000000001500000000 02A03062024115062024000000000000005000000000000000000000000000000000000000000000000000000                         1000   090000000000 
7560001300066Q 011000052570518859VITOR VIEIRA ALBUQUERQUE                RUA NOSSA SENHORA MAE DOS HOMENS ,1153  VILA PROGRESSO 07091000      GUARULHOSSP0000000000000000                                        000                            
7560001300067R 01000000000000000000000000000000000000000000000000115062024000000000000300                                                                                                              0000000000000000 000000000000  0         
7560001300068S 013                                                                                                                                                                                                                              
7560001300069P 010563100000020064454 000026963201011     10 223953218560000001506202400000000002800000000 02A03062024115062024000000000000009000000000000000000000000000000000000000000000000000000                         1000   090000000000 
7560001300070Q 011000049482848829WEVERTON BATISTA DOS SANTOS             RUA CARLOS LEITE DOS SANTOS ,88         PARQUE ARARIBA 05778120      SAO PAULOSP0000000000000000                                        000                            
7560001300071R 01000000000000000000000000000000000000000000000000115062024000000000000560                                                                                                              0000000000000000 000000000000  0         
7560001300072S 013                                                                                                                                                                                                                              
75600015         00001800001800000000000496362000000000000000000000000000000000000000000000000000000000000000000000                                                                                                                             
75699999         000001000018000000                                                                                                                                                                                                             