75600000         229492820000120                    0563100000020087306 ANEXA IDIOMAS LTDA            SICOOB                                  10312202410133800000108100000                                                                     
75600011R01  040 2029492820000120                    0563100000020087306 ANEXA IDIOMAS LTDA                                                                                            000048340312202400000000                                 
7560001300001P 010563100000020087306 000029033001011     10 224527420630000003012202400000000002999800000 02A03122024130122024000000000000010000000000000000000000000000000000000000000000000000000                         1000   090000000000 
7560001300002Q 011000044608181831LUANA HELENA BOM FARIAS                 AVENIDA DOM JAIME DE BARROS CAMARA ,670 PLANALTO       09895400SAO BERNARDO DOSP0000000000000000                                        000                            
7560001300003R 01000000000000000000000000000000000000000000000000130122024000000000000600                                                                                                              0000000000000000 000000000000  0         
7560001300004S 013                                                                                                                                                                                                                              
75600015         00000100000100000000000029998000000000000000000000000000000000000000000000000000000000000000000000                                                                                                                             
75699999         000001000001000000                                                                                                                                                                                                             