75600000         219895217000135                    0563100000020064454 IWS CURSOS DE IDIOMAS LTDA    SICOOB                                  12407202408435700000108100000                                                                     
75600011R01  040 2019895217000135                    0563100000020064454 IWS CURSOS DE IDIOMAS LTDA                                                                                    000046582407202400000000                                 
7560001300001P 010563100000020064454 000027466401011     10 224258915380000001008202400000000002574800000 02A24072024110082024000000000000008000000000000000000000000000000000000000000000000000000                         1000   090000000000 
7560001300002Q 011000001895032113ALECSSANDRA MEZZA DE CARVALHO           RUA VALDEMAR CHAGAS ,130                RESIDENCIAL ATH79950000        NAVIRAIMS0000000000000000                                        000                            
7560001300003R 01000000000000000000000000000000000000000000000000110082024000000000000515                                                                                                              0000000000000000 000000000000  0         
7560001300004S 013                                                                                                                                                                                                                              
7560001300005P 010563100000020064454 000027467101011     10 224046419860000001008202400000000002670000000 02A24072024110082024000000000000009000000000000000000000000000000000000000000000000000000                         1000   090000000000 
7560001300006Q 011000013507076861ALEXANDRE LEAO LUCCHESI                 RUA ALVARO DUARTE ,39                   JACANA         02272060      SAO PAULOSP0000000000000000                                        000                            
7560001300007R 01000000000000000000000000000000000000000000000000110082024000000000000534                                                                                                              0000000000000000 000000000000  0         
7560001300008S 013                                                                                                                                                                                                                              
7560001300009P 010563100000020064454 000027468901011     10 224060340000000001008202400000000003180000000 02A24072024110082024000000000000010000000000000000000000000000000000000000000000000000000                         1000   090000000000 
7560001300010Q 011000039857755836ALINE NUNES DAL SOGLIO GUIDI            RUA SAO FELIPE ,330                     PARQUE SAO JORG03085010      SAO PAULOSP0000000000000000                                        000                            
7560001300011R 01000000000000000000000000000000000000000000000000110082024000000000000636                                                                                                              0000000000000000 000000000000  0         
7560001300012S 013                                                                                                                                                                                                                              
7560001300013P 010563100000020064454 000027469601011     10 224141716970000001008202400000000003074000000 02A24072024110082024000000000000010000000000000000000000000000000000000000000000000000000                         1000   090000000000 
7560001300014Q 011000028580799864BRUNO LIGUORI PESCE                     RUA DONA DICA ,378                      JARDIM TRANQUIL07052000      GUARULHOSSP0000000000000000                                        000                            
7560001300015R 01000000000000000000000000000000000000000000000000110082024000000000000615                                                                                                              0000000000000000 000000000000  0         
7560001300016S 013                                                                                                                                                                                                                              
7560001300017P 010563100000020064454 000027470401011     10 223971218300000001008202400000000002830200000 02A24072024110082024000000000000009000000000000000000000000000000000000000000000000000000                         1000   090000000000 
7560001300018Q 011000032988336814CARLOS HENRIQUE DE OLIVEIRA             RUA DONA TECLA ,230                     JARDIM FLOR DA 07097380      GUARULHOSSP0000000000000000                                        000                            
7560001300019R 01000000000000000000000000000000000000000000000000110082024000000000000566                                                                                                              0000000000000000 000000000000  0         
7560001300020S 013                                                                                                                                                                                                                              
7560001300021P 010563100000020064454 000027471101011     10 223973618420000001008202400000000002830200000 02A24072024110082024000000000000009000000000000000000000000000000000000000000000000000000                         1000   090000000000 
7560001300022Q 011000040323474845CHRISTOPHER PAULO CRUZ                  RUA CELIA DOMINGUES FAUSTINO ,          PARQUE CECAP   07190060      GUARULHOSSP0000000000000000                                        000                            
7560001300023R 01000000000000000000000000000000000000000000000000110082024000000000000566                                                                                                              0000000000000000 000000000000  0         
7560001300024S 013                                                                                                                                                                                                                              
7560001300025P 010563100000020064454 000027472901011     10 224042819820000001008202400000000002250000000 02A24072024110082024000000000000007000000000000000000000000000000000000000000000000000000                         1000   090000000000 
7560001300026Q 011000032864696886DANILO NOVO OTAVIANO                    RUA MARRET ,24                          VILA PROGRESSO 07095140      GUARULHOSSP0000000000000000                                        000                            
7560001300027R 01000000000000000000000000000000000000000000000000110082024000000000000450                                                                                                              0000000000000000 000000000000  0         
7560001300028S 013                                                                                                                                                                                                                              
7560001300029P 010563100000020064454 000027473601011     10 224291820680000001008202400000000003520000000 02A24072024110082024000000000000012000000000000000000000000000000000000000000000000000000                         1000   090000000000 
7560001300030Q 011000022022841840DENISE VALENTE EVA                      RUA ZACARIAS DE GOIS ,715               PARQUE COLONIAL04610001      SAO PAULOSP0000000000000000                                        000                            
7560001300031R 01000000000000000000000000000000000000000000000000110082024000000000000704                                                                                                              0000000000000000 000000000000  0         
7560001300032S 013                                                                                                                                                                                                                              
7560001300033P 010563100000020064454 000027474301011     10 224147716920000001008202400000000002400000000 02A24072024110082024000000000000008000000000000000000000000000000000000000000000000000000                         1000   090000000000 
7560001300034Q 011000011874897867LUIZ ALEXANDRE PROFITTI                 RUA INDAIA ,200                         VILA PRUDENTE  03132125      SAO PAULOSP0000000000000000                                        000                            
7560001300035R 01000000000000000000000000000000000000000000000000110082024000000000000480                                                                                                              0000000000000000 000000000000  0         
7560001300036S 013                                                                                                                                                                                                                              
7560001300037P 010563100000020064454 000027475001011     10 224072395300000001008202400000000002332000000 02A24072024110082024000000000000008000000000000000000000000000000000000000000000000000000                         1000   090000000000 
7560001300038Q 011000021895277833ERIC HENRIQUE VASCONCELLOS SANTOS       RUA CONEGO VALADAO ,161                 GOPOUVA        07040000      GUARULHOSSP0000000000000000                                        000                            
7560001300039R 01000000000000000000000000000000000000000000000000110082024000000000000466                                                                                                              0000000000000000 000000000000  0         
7560001300040S 013                                                                                                                                                                                                                              
7560001300041P 010563100000020064454 000027476801011     10 224276925600000001008202400000000003955100000 02A24072024110082024000000000000013000000000000000000000000000000000000000000000000000000                         1000   090000000000 
7560001300042Q 011000007810479865IDERALDO ELMER RIBEIRO                  RUA ROSALI ,269                         VILA MARANDUBA 07060091      GUARULHOSSP0000000000000000                                        000                            
7560001300043R 01000000000000000000000000000000000000000000000000110082024000000000000791                                                                                                              0000000000000000 000000000000  0         
7560001300044S 013                                                                                                                                                                                                                              
7560001300045P 010563100000020064454 000027477501011     10 224127720170000001008202400000000001000000000 02A24072024110082024000000000000003000000000000000000000000000000000000000000000000000000                         1000   090000000000 
7560001300046Q 011000009727368670ISABELA KRISTINA MESQUITA SILVA         RUA ARISTOBULO SILVA ,22                CENTRO         37240000     LUMINARIASMG0000000000000000                                        000                            
7560001300047R 01000000000000000000000000000000000000000000000000110082024000000000000200                                                                                                              0000000000000000 000000000000  0         
7560001300048S 013                                                                                                                                                                                                                              
7560001300049P 010563100000020064454 000027478201011     10 224342120790000001008202400000000003200000000 02A24072024110082024000000000000011000000000000000000000000000000000000000000000000000000                         1000   090000000000 
7560001300050Q 011000014810831710ISABELLE SILVA MENDES                   RUA LUIZ BARATA ,315                    CAMPO GRANDE   23050390 RIO DE JANEIRORJ0000000000000000                                        000                            
7560001300051R 01000000000000000000000000000000000000000000000000110082024000000000000640                                                                                                              0000000000000000 000000000000  0         
7560001300052S 013                                                                                                                                                                                                                              
7560001300053P 010563100000020064454 000027479001011     10 224240326400000001008202400000000002471900000 02A24072024110082024000000000000008000000000000000000000000000000000000000000000000000000                         1000   090000000000 
7560001300054Q 011000026634012857JERRISLEI BENTO NOGUEIRA                AVENIDA CARLOS FERREIRA ENDRES ,1205    VILA ENDRES    07041030      GUARULHOSSP0000000000000000                                        000                            
7560001300055R 01000000000000000000000000000000000000000000000000110082024000000000000494                                                                                                              0000000000000000 000000000000  0         
7560001300056S 013                                                                                                                                                                                                                              
7560001300057P 010563100000020064454 000027480801011     10 224278115390000001008202400000000002574800000 02A24072024110082024000000000000008000000000000000000000000000000000000000000000000000000                         1000   090000000000 
7560001300058Q 011000001895032113ALECSSANDRA MEZZA DE CARVALHO           RUA VALDEMAR CHAGAS ,130                RESIDENCIAL ATH79950000        NAVIRAIMS0000000000000000                                        000                            
7560001300059R 01000000000000000000000000000000000000000000000000110082024000000000000515                                                                                                              0000000000000000 000000000000  0         
7560001300060S 013                                                                                                                                                                                                                              
7560001300061P 010563100000020064454 000027481501011     10 223825515700000001008202400000000005300000000 02A24072024110082024000000000000017000000000000000000000000000000000000000000000000000000                         1000   090000000000 
7560001300062Q 011000007057855990KAUANNE FERREIRA DE MELO                RUA SARGENTO GONCALO JOAQUIM DE OLI,214 PARQUE CONTINEN07084184      GUARULHOSSP0000000000000000                                        000                            
7560001300063R 01000000000000000000000000000000000000000000000000110082024000000000001060                                                                                                              0000000000000000 000000000000  0         
7560001300064S 013                                                                                                                                                                                                                              
7560001300065P 010563100000020064454 000027482201011     10 223867119640000001008202400000000003000000000 02A24072024110082024000000000000010000000000000000000000000000000000000000000000000000000                         1000   090000000000 
7560001300066Q 011000036299312866LETICIA RAMOS SHINKAI                   AVENIDA TIRADENTES ,                    JARDIM GUARULHO07090000      GUARULHOSSP0000000000000000                                        000                            
7560001300067R 01000000000000000000000000000000000000000000000000110082024000000000000600                                                                                                              0000000000000000 000000000000  0         
7560001300068S 013                                                                                                                                                                                                                              
7560001300069P 010563100000020064454 000027483001011     10 224004818450000001008202400000000002830200000 02A24072024110082024000000000000009000000000000000000000000000000000000000000000000000000                         1000   090000000000 
7560001300070Q 011000042564299806LETTICIA POSCHI MOTA                    RUA FRANCISCO PEREIRA ,466              VILA GALVAO    07071060      GUARULHOSSP0000000000000000                                        000                            
7560001300071R 01000000000000000000000000000000000000000000000000110082024000000000000566                                                                                                              0000000000000000 000000000000  0         
7560001300072S 013                                                                                                                                                                                                                              
7560001300073P 010563100000020064454 000027484701011     10 223796217840000001008202400000000002120000000 02A24072024110082024000000000000007000000000000000000000000000000000000000000000000000000                         1000   090000000000 
7560001300074Q 011000025385360813BENEDITA BISPO DA HORA                  RUA BENEDICTO THIESO ,28                PARQUE RESIDENC07159870      GUARULHOSSP0000000000000000                                        000                            
7560001300075R 01000000000000000000000000000000000000000000000000110082024000000000000424                                                                                                              0000000000000000 000000000000  0         
7560001300076S 013                                                                                                                                                                                                                              
7560001300077P 010563100000020064454 000027485401011     10 224083116710000001008202400000000001977500000 02A24072024110082024000000000000007000000000000000000000000000000000000000000000000000000                         1000   090000000000 
7560001300078Q 011000099343460872WANDERLEY JOSE RAMOS VENANCIO           RUA URBANO SANTOS ,530                  SITIO DOS BRITO07182320      GUARULHOSSP0000000000000000                                        000                            
7560001300079R 01000000000000000000000000000000000000000000000000110082024000000000000396                                                                                                              0000000000000000 000000000000  0         
7560001300080S 013                                                                                                                                                                                                                              
7560001300081P 010563100000020064454 000027486101011     10 224158516900000001008202400000000002400000000 02A24072024110082024000000000000008000000000000000000000000000000000000000000000000000000                         1000   090000000000 
7560001300082Q 011000011874897867LUIZ ALEXANDRE PROFITTI                 RUA INDAIA ,200                         VILA PRUDENTE  03132125      SAO PAULOSP0000000000000000                                        000                            
7560001300083R 01000000000000000000000000000000000000000000000000110082024000000000000480                                                                                                              0000000000000000 000000000000  0         
7560001300084S 013                                                                                                                                                                                                                              
7560001300085P 010563100000020064454 000027487901011     10 224025218270000001008202400000000002830200000 02A24072024110082024000000000000009000000000000000000000000000000000000000000000000000000                         1000   090000000000 
7560001300086Q 011000039053153861SAMMYA M. DA S. SOUSA                   RUA SARGENTO DA AERONAUTICA ARIOVAL,404 CIDADE JARDIM C07181240      GUARULHOSSP0000000000000000                                        000                            
7560001300087R 01000000000000000000000000000000000000000000000000110082024000000000000566                                                                                                              0000000000000000 000000000000  0         
7560001300088S 013                                                                                                                                                                                                                              
7560001300089P 010563100000020064454 000027488601011     10 224086719000000001008202400000000002226000000 02A24072024110082024000000000000007000000000000000000000000000000000000000000000000000000                         1000   090000000000 
7560001300090Q 011000008563118803SIMONE SOARES ZUANETTI                  RUA JESUINO RABELLO ,196                VILA MILTON    07063150      GUARULHOSSP0000000000000000                                        000                            
7560001300091R 01000000000000000000000000000000000000000000000000110082024000000000000445                                                                                                              0000000000000000 000000000000  0         
7560001300092S 013                                                                                                                                                                                                                              
7560001300093P 010563100000020064454 000027489301011     10 224286553700000001008202400000000005561800000 02A24072024110082024000000000000018000000000000000000000000000000000000000000000000000000                         1000   090000000000 
7560001300094Q 011000009017220813SUZI SANTOS MONIZ                       ALAMEDA RIBEIRAO PRETO ,111             BELA VISTA     01331001      SAO PAULOSP0000000000000000                                        000                            
7560001300095R 01000000000000000000000000000000000000000000000000110082024000000000001112                                                                                                              0000000000000000 000000000000  0         
7560001300096S 013                                                                                                                                                                                                                              
7560001300097P 010563100000020064454 000027490101011     10 224028818730000001008202400000000003180000000 02A24072024110082024000000000000010000000000000000000000000000000000000000000000000000000                         1000   090000000000 
7560001300098Q 011000032837190802THAIS CRISTINA DA COSTA GHIDELLI CAMPOS AVENIDA LAURO GOMES ,111                RUDGE RAMOS    09635010SAO BERNARDO DOSP0000000000000000                                        000                            
7560001300099R 01000000000000000000000000000000000000000000000000110082024000000000000636                                                                                                              0000000000000000 000000000000  0         
7560001300100S 013                                                                                                                                                                                                                              
7560001300101P 010563100000020064454 000027491901011     10 224091515140000001008202400000000002224700000 02A24072024110082024000000000000007000000000000000000000000000000000000000000000000000000                         1000   090000000000 
7560001300102Q 011000004913644823VALQUIRIA DE CASSIA NUNES SOARES        RUA RODOVALHO JUNIOR ,44                PENHA DE FRANCA03605000      SAO PAULOSP0000000000000000                                        000                            
7560001300103R 01000000000000000000000000000000000000000000000000110082024000000000000445                                                                                                              0000000000000000 000000000000  0         
7560001300104S 013                                                                                                                                                                                                                              
7560001300105P 010563100000020064454 000027492601011     10 224235720610000001008202400000000002600000000 02A24072024110082024000000000000009000000000000000000000000000000000000000000000000000000                         1000   090000000000 
7560001300106Q 011000029578120885JULIANA MARIA DE OLIVEIRA               RUA CARLOS MALHEIRO DIAS ,308           VILA PIRITUBA  05170040      SAO PAULOSP0000000000000000                                        000                            
7560001300107R 01000000000000000000000000000000000000000000000000110082024000000000000520                                                                                                              0000000000000000 000000000000  0         
7560001300108S 013                                                                                                                                                                                                                              
75600015         00002700002700000000000771134000000000000000000000000000000000000000000000000000000000000000000000                                                                                                                             
75699999         000001000027000000                                                                                                                                                                                                             