75600000         219895217000135                    0563100000020064454 IWS CURSOS DE IDIOMAS LTDA    SICOOB                                  11408202411413100000108100000                                                                     
75600011R01  040 2019895217000135                    0563100000020064454 IWS CURSOS DE IDIOMAS LTDA                                                                                    000046911408202400000000                                 
7560001300001P 010563100000020064454 000027676101011     10 223907818840000002508202400000000004346000000 02A14082024125082024000000000000014000000000000000000000000000000000000000000000000000000                         1000   090000000000 
7560001300002Q 011000033081822890DANIEL RIBEIRO NOGUEIRA PORTO           RUA OSVALDO MELLI (RESIDENCIAL RESERV,81BOSQUE         13283508        VINHEDOSP0000000000000000                                        000                            
7560001300003R 01000000000000000000000000000000000000000000000000125082024000000000000869                                                                                                              0000000000000000 000000000000  0         
7560001300004S 013                                                                                                                                                                                                                              
7560001300005P 010563100000020064454 000027677901011     10 224201619260000003108202400000000003123500000 02A14082024131082024000000000000010000000000000000000000000000000000000000000000000000000                         1000   090000000000 
7560001300006Q 011000026592685840DANIELLY VAZ CORONADO                   RUA CLAUDINO BARBOSA ,712               MACEDO         07113040      GUARULHOSSP0000000000000000                                        000                            
7560001300007R 01000000000000000000000000000000000000000000000000131082024000000000000625                                                                                                              0000000000000000 000000000000  0         
7560001300008S 013                                                                                                                                                                                                                              
7560001300009P 010563100000020064454 000027678601011     10 223793815590000003008202400000000001471200000 02A14082024130082024000000000000005000000000000000000000000000000000000000000000000000000                         1000   090000000000 
7560001300010Q 011000003251742965JONAS ROBERTO KOEHLER                   RUA PEDRO ANDRE REINERT ,297            TRIBESS        89057410       BLUMENAUSC0000000000000000                                        000                            
7560001300011R 01000000000000000000000000000000000000000000000000130082024000000000000294                                                                                                              0000000000000000 000000000000  0         
7560001300012S 013                                                                                                                                                                                                                              
7560001300013P 010563100000020064454 000027679301011     10 224341815590000003008202400000000000700000000 02A14082024130082024000000000000002000000000000000000000000000000000000000000000000000000                         1000   090000000000 
7560001300014Q 011000003251742965JONAS ROBERTO KOEHLER                   RUA PEDRO ANDRE REINERT ,297            TRIBESS        89057410       BLUMENAUSC0000000000000000                                        000                            
7560001300015R 01000000000000000000000000000000000000000000000000130082024000000000000140                                                                                                              0000000000000000 000000000000  0         
7560001300016S 013                                                                                                                                                                                                                              
7560001300017P 010563100000020064454 000027680101011     10 224035219770000003108202400000000001800000000 02A14082024131082024000000000000006000000000000000000000000000000000000000000000000000000                         1000   090000000000 
7560001300018Q 011000005159507426JOSE ALAN GALINDO PEREIRA               RUA ANTONIO FALCAO ,714                 BOA VIAGEM     51020240         RECIFEPE0000000000000000                                        000                            
7560001300019R 01000000000000000000000000000000000000000000000000131082024000000000000360                                                                                                              0000000000000000 000000000000  0         
7560001300020S 013                                                                                                                                                                                                                              
75600015         00000500000500000000000114407000000000000000000000000000000000000000000000000000000000000000000000                                                                                                                             
75699999         000001000005000000                                                                                                                                                                                                             