75600000         219895217000135                    0563100000020064454 IWS CURSOS DE IDIOMAS LTDA    SICOOB                                  11405202408422400000108100000                                                                     
75600011R01  040 2019895217000135                    0563100000020064454 IWS CURSOS DE IDIOMAS LTDA                                                                                    000045721405202400000000                                 
7560001300001P 010563100000020064454 000026795401011     10 224253020520000002505202400000000001500000000 02A14052024125052024000000000000005000000000000000000000000000000000000000000000000000000                         1000   090000000000 
7560001300002Q 011000051428027807SOPHIA REIS MAIA                        RUA VALE DO CARIRI ,400                 VILA NOVA MAZZE02317060      SAO PAULOSP0000000000000000                                        000                            
7560001300003R 01000000000000000000000000000000000000000000000000125052024000000000000300                                                                                                              0000000000000000 000000000000  0         
7560001300004S 013                                                                                                                                                                                                                              
75600015         00000100000100000000000015000000000000000000000000000000000000000000000000000000000000000000000000                                                                                                                             
75699999         000001000001000000                                                                                                                                                                                                             