75600000         232970660000191                    0563100000020098014 EDUULMC CURSOS DE IDIOMAS EIRESICOOB                                  11408202415041700000108100000                                                                     
75600011R01  040 2032970660000191                    0563100000020098014 EDUULMC CURSOS DE IDIOMAS EIRE                                                                                000046961408202400000000                                 
7560001300001P 010563100000020098014 000027741601011     10 224373019480000002508202400000000002120000000 02A14082024125082024000000000000007000000000000000000000000000000000000000000000000000000                         1000   090000000000 
7560001300002Q 011000033390590803MICHEL FERNANDES RAMOS                  RUA FLORIANOPOLIS ,122                  VILA SUMARE    19405156PRESIDENTE VENCSP0000000000000000                                        000                            
7560001300003R 01000000000000000000000000000000000000000000000000125082024000000000000424                                                                                                              0000000000000000 000000000000  0         
7560001300004S 013                                                                                                                                                                                                                              
75600015         00000100000100000000000021200000000000000000000000000000000000000000000000000000000000000000000000                                                                                                                             
75699999         000001000001000000                                                                                                                                                                                                             