75600000         232970660000191                    0563100000020098014 EDUULMC CURSOS DE IDIOMAS EIRESICOOB                                  12101202514070200000108100000                                                                     
75600011R01  040 2032970660000191                    0563100000020098014 EDUULMC CURSOS DE IDIOMAS EIRE                                                                                000048722101202500000000                                 
7560001300001P 010563100000020098014 000029368501011     10 224612821650000002201202500000000003872000000 02A21012025122012025000000000000013000000000000000000000000000000000000000000000000000000                         1000   090000000000 
7560001300002Q 011000032382904879MILENE DAMASCENO DOS SANTOS             RUA NARCIZO MILANEZ ,105                JARDIM EMILIA  06900310     ADAMANTINASP0000000000000000                                        000                            
7560001300003R 01000000000000000000000000000000000000000000000000122012025000000000000774                                                                                                              0000000000000000 000000000000  0         
7560001300004S 013                                                                                                                                                                                                                              
7560001300005P 010563100000020098014 000029369201011     10 223981415190000000502202500000000003392000000 02A21012025105022025000000000000011000000000000000000000000000000000000000000000000000000                         1000   090000000000 
7560001300006Q 011000016426937827ELISANGELA LOPES CASSOLATO              RUA DOUTOR MIGUEL VIEIRA FERREIRA ,191  JARDIM ZAIRA   07095070      GUARULHOSSP0000000000000000                                        000                            
7560001300007R 01000000000000000000000000000000000000000000000000105022025000000000000678                                                                                                              0000000000000000 000000000000  0         
7560001300008S 013                                                                                                                                                                                                                              
7560001300009P 010563100000020098014 000029370001011     10 224123320140000000502202500000000002830000000 02A21012025105022025000000000000009000000000000000000000000000000000000000000000000000000                         1000   090000000000 
7560001300010Q 011000030377225843MARLEIDE DE LIMA PAZZOTTI               RUA JACI ,56                            JARDIM STELLA  09185640    SANTO ANDRESP0000000000000000                                        000                            
7560001300011R 01000000000000000000000000000000000000000000000000105022025000000000000566                                                                                                              0000000000000000 000000000000  0         
7560001300012S 013                                                                                                                                                                                                                              
7560001300013P 010563100000020098014 000029371801011     10 224078919020000000502202500000000002563100000 02A21012025105022025000000000000008000000000000000000000000000000000000000000000000000000                         1000   090000000000 
7560001300014Q 011000045603241829JOAO VICTOR SILVA LIMA DE OLIVEIRA      RUA INDIANA ,1135                       BROOKLIN PAULIS04562002      SAO PAULOSP0000000000000000                                        000                            
7560001300015R 01000000000000000000000000000000000000000000000000105022025000000000000513                                                                                                              0000000000000000 000000000000  0         
7560001300016S 013                                                                                                                                                                                                                              
7560001300017P 010563100000020098014 000029372501011     10 224088554900000000502202500000000002069300000 02A21012025105022025000000000000007000000000000000000000000000000000000000000000000000000                         1000   090000000000 
7560001300018Q 011000022777304831THAIS DA SILVA BARBOSA                  AVENIDA ROTARY ,680                     VILA DAS BANDEI07042000      GUARULHOSSP0000000000000000                                        000                            
7560001300019R 01000000000000000000000000000000000000000000000000105022025000000000000414                                                                                                              0000000000000000 000000000000  0         
7560001300020S 013                                                                                                                                                                                                                              
7560001300021P 010563100000020098014 000029373201011     10 224527921580000000502202500000000002500000000 02A21012025105022025000000000000008000000000000000000000000000000000000000000000000000000                         1000   090000000000 
7560001300022Q 011000045737208800VINICIUS GITTI                          RUA OURO PRETO ,200                     VILA GILDA     09190450    SANTO ANDRESP0000000000000000                                        000                            
7560001300023R 01000000000000000000000000000000000000000000000000105022025000000000000500                                                                                                              0000000000000000 000000000000  0         
7560001300024S 013                                                                                                                                                                                                                              
75600015         00000600000600000000000172264000000000000000000000000000000000000000000000000000000000000000000000                                                                                                                             
75699999         000001000006000000                                                                                                                                                                                                             