75600000         219895217000135                    0563100000020064454 IWS CURSOS DE IDIOMAS LTDA    SICOOB                                  11501202514503500000108100000                                                                     
75600011R01  040 2019895217000135                    0563100000020064454 IWS CURSOS DE IDIOMAS LTDA                                                                                    000048631501202500000000                                 
7560001300001P 010563100000020064454 000029336001011     10 224611512990000001701202500000000008500000000 02A15012025117012025000000000000028000000000000000000000000000000000000000000000000000000                         1000   090000000000 
7560001300002Q 011000028789640802MONALIZA MARIA ALVES                    AVENIDA ITALO BRASILEIRO PIVA ,         PICANCO        07080020      GUARULHOSSP0000000000000000                                        000                            
7560001300003R 01000000000000000000000000000000000000000000000000117012025000000000001700                                                                                                              0000000000000000 000000000000  0         
7560001300004S 013                                                                                                                                                                                                                              
75600015         00000100000100000000000085000000000000000000000000000000000000000000000000000000000000000000000000                                                                                                                             
75699999         000001000001000000                                                                                                                                                                                                             