75600000         232970660000191                    0563100000020098014 EDUULMC CURSOS DE IDIOMAS EIRESICOOB                                  11006202412552100000108100000                                                                     
75600011R01  040 2032970660000191                    0563100000020098014 EDUULMC CURSOS DE IDIOMAS EIRE                                                                                000046001006202400000000                                 
7560001300001P 010563100000020098014 000027061001011     10 223894319670000002506202400000000001780000000 02A10062024125062024000000000000006000000000000000000000000000000000000000000000000000000                         1000   090000000000 
7560001300002Q 011000042973398894ANNA JULIA DE PAULA ABREU               RUA SERRA DE BRAGANCA ,855              VILA GOMES CARD03318000      SAO PAULOSP0000000000000000                                        000                            
7560001300003R 01000000000000000000000000000000000000000000000000125062024000000000000356                                                                                                              0000000000000000 000000000000  0         
7560001300004S 013                                                                                                                                                                                                                              
7560001300005P 010563100000020098014 000027062801011     10 223820514490000002506202400000000006644100000 02A10062024125062024000000000000022000000000000000000000000000000000000000000000000000000                         1000   090000000000 
7560001300006Q 011000047364370811BARBARA PINTO PEINADOR GARCIA           RUA NAGIB IZAR ,357 (CASA)              JARDIM ANALIA F03337070      SAO PAULOSP0000000000000000                                        000                            
7560001300007R 01000000000000000000000000000000000000000000000000125062024000000000001329                                                                                                              0000000000000000 000000000000  0         
7560001300008S 013                                                                                                                                                                                                                              
7560001300009P 010563100000020098014 000027063501011     10 223847518040000002006202400000000007123200000 02A10062024120062024000000000000024000000000000000000000000000000000000000000000000000000                         1000   090000000000 
7560001300010Q 011000027111775805CARLOS JOSE  FERREIRA DA COSTA          ALAMEDA JOAQUIM EUGENIO DE LIMA ,286    JARDIM PAULISTA01403000      SAO PAULOSP0000000000000000                                        000                            
7560001300011R 01000000000000000000000000000000000000000000000000120062024000000000001425                                                                                                              0000000000000000 000000000000  0         
7560001300012S 013                                                                                                                                                                                                                              
7560001300013P 010563100000020098014 000027064201011     10 223908815840000002006202400000000002320300000 02A10062024120062024000000000000008000000000000000000000000000000000000000000000000000000                         1000   090000000000 
7560001300014Q 011000043877622844DANIELLE AQUINO GASPAR                  RUA WALDEMAR DE PAULA FERREIRA ,331     JARDIM PRESIDEN07172010      GUARULHOSSP0000000000000000                                        000                            
7560001300015R 01000000000000000000000000000000000000000000000000120062024000000000000464                                                                                                              0000000000000000 000000000000  0         
7560001300016S 013                                                                                                                                                                                                                              
7560001300017P 010563100000020098014 000027065001011     10 223698617560000002006202400000000002332000000 02A10062024120062024000000000000008000000000000000000000000000000000000000000000000000000                         1000   090000000000 
7560001300018Q 011000043947232802FELLIPE FONSECA                         RUA ANA ALVES MAGRINI ,94               CITY RIBEIRAO  14021207 RIBEIRAO PRETOSP0000000000000000                                        000                            
7560001300019R 01000000000000000000000000000000000000000000000000120062024000000000000466                                                                                                              0000000000000000 000000000000  0         
7560001300020S 013                                                                                                                                                                                                                              
7560001300021P 010563100000020098014 000027066701011     10 224230020550000002506202400000000003500000000 02A10062024125062024000000000000012000000000000000000000000000000000000000000000000000000                         1000   090000000000 
7560001300022Q 011000023105369899PABLO ALBERTO ALBANO                    RUA DOS DEMOCRATAS ,691                 VILA MONTE ALEG04305000      SAO PAULOSP0000000000000000                                        000                            
7560001300023R 01000000000000000000000000000000000000000000000000125062024000000000000700                                                                                                              0000000000000000 000000000000  0         
7560001300024S 013                                                                                                                                                                                                                              
7560001300025P 010563100000020098014 000027067401011     10 223919614980000002506202400000000002915000000 02A10062024125062024000000000000010000000000000000000000000000000000000000000000000000000                         1000   090000000000 
7560001300026Q 011000027893285877ANA PAULA HAMMERMEISTER GIMENES         RUA JOSE DIAS ,100                      ESTANCIA DAS FL13919260     JAGUARIUNASP0000000000000000                                        000                            
7560001300027R 01000000000000000000000000000000000000000000000000125062024000000000000583                                                                                                              0000000000000000 000000000000  0         
7560001300028S 013                                                                                                                                                                                                                              
7560001300029P 010563100000020098014 000027068101011     10 224257514980000002506202400000000000750000000 02A10062024125062024000000000000002000000000000000000000000000000000000000000000000000000                         1000   090000000000 
7560001300030Q 011000027893285877ANA PAULA HAMMERMEISTER GIMENES         RUA JOSE DIAS ,100                      ESTANCIA DAS FL13919260     JAGUARIUNASP0000000000000000                                        000                            
7560001300031R 01000000000000000000000000000000000000000000000000125062024000000000000150                                                                                                              0000000000000000 000000000000  0         
7560001300032S 013                                                                                                                                                                                                                              
7560001300033P 010563100000020098014 000027069901011     10 223922029300000002006202400000000006529600000 02A10062024120062024000000000000022000000000000000000000000000000000000000000000000000000                         1000   090000000000 
7560001300034Q 011000003696482854NADIR FRANCISCO DO AMARAL               RUA DOS FRANCESES ,                     MORRO DOS INGLE01329010      SAO PAULOSP0000000000000000                                        000                            
7560001300035R 01000000000000000000000000000000000000000000000000120062024000000000001306                                                                                                              0000000000000000 000000000000  0         
7560001300036S 013                                                                                                                                                                                                                              
7560001300037P 010563100000020098014 000027070701011     10 223758615460000002006202400000000002565200000 02A10062024120062024000000000000008000000000000000000000000000000000000000000000000000000                         1000   090000000000 
7560001300038Q 011000052300786850LUIS ROBERTO OLIVEIRA                   RUA PROFESSOR WLADEMIR PEREIRA ,230     VILA SAO SILVES05386360      SAO PAULOSP0000000000000000                                        000                            
7560001300039R 01000000000000000000000000000000000000000000000000120062024000000000000513                                                                                                              0000000000000000 000000000000  0         
7560001300040S 013                                                                                                                                                                                                                              
7560001300041P 010563100000020098014 000027071401011     10 224211038000000002006202400000000002725300000 02A10062024120062024000000000000009000000000000000000000000000000000000000000000000000000                         1000   090000000000 
7560001300042Q 011000041265085897MARIELLE OLIVIER FERRER                 RUA BENJAMIN JOSE ANTONIO ,155          VILA MARICY    07130160      GUARULHOSSP0000000000000000                                        000                            
7560001300043R 01000000000000000000000000000000000000000000000000120062024000000000000545                                                                                                              0000000000000000 000000000000  0         
7560001300044S 013                                                                                                                                                                                                                              
7560001300045P 010563100000020098014 000027072101011     10 223799615620000002006202400000000003323100000 02A10062024120062024000000000000011000000000000000000000000000000000000000000000000000000                         1000   090000000000 
7560001300046Q 011000026127394830PATRICIA PELEGRINI MEDINA JORGE         RUA DA PENHA ,55                        MACEDO         07197130      GUARULHOSSP0000000000000000                                        000                            
7560001300047R 01000000000000000000000000000000000000000000000000120062024000000000000665                                                                                                              0000000000000000 000000000000  0         
7560001300048S 013                                                                                                                                                                                                                              
7560001300049P 010563100000020098014 000027073901011     10 224117420110000002006202400000000006550000000 02A10062024120062024000000000000022000000000000000000000000000000000000000000000000000000                         1000   090000000000 
7560001300050Q 011000028341411857TATIANA CRISTINA CARNEIRO VITORIANO     RUA EMILIANA ROSA DE ASSUNCAO ,108      VILA BUENOS AIR03627020      SAO PAULOSP0000000000000000                                        000                            
7560001300051R 01000000000000000000000000000000000000000000000000120062024000000000001310                                                                                                              0000000000000000 000000000000  0         
7560001300052S 013                                                                                                                                                                                                                              
75600015         00001300001300000000000490578000000000000000000000000000000000000000000000000000000000000000000000                                                                                                                             
75699999         000001000013000000                                                                                                                                                                                                             