75600000         219895217000135                    0563100000020064454 IWS CURSOS DE IDIOMAS LTDA    SICOOB                                  12705202418284500000108100000                                                                     
75600011R01  040 2019895217000135                    0563100000020064454 IWS CURSOS DE IDIOMAS LTDA                                                                                    000045822705202400000000                                 
7560001300001P 010563100000020064454 000026925201011     10 224254920640000000506202400000000003500000000 02A27052024105062024000000000000012000000000000000000000000000000000000000000000000000000                         1000   090000000000 
7560001300002Q 011000048604679812FRANCIELE DOS SANTOS ROCHA              RUA PONTA DE PEDRAS ,119                JARDIM MARILENA07140430      GUARULHOSSP0000000000000000                                        000                            
7560001300003R 01000000000000000000000000000000000000000000000000105062024000000000000700                                                                                                              0000000000000000 000000000000  0         
7560001300004S 013                                                                                                                                                                                                                              
75600015         00000100000100000000000035000000000000000000000000000000000000000000000000000000000000000000000000                                                                                                                             
75699999         000001000001000000                                                                                                                                                                                                             