75600000         219895217000135                    0563100000020087306 IWS CURSOS DE IDIOMAS LTDA    SICOOB                                  12010202007023400000108100000                                                                     
75600011R01  040 2019895217000135                    0563100000020087306 IWS CURSOS DE IDIOMAS LTDA                                                                                    000016892010202000000000                                 
7560001300001P 010563100000020087306 000010407601011     10 221823946000000002010202000000000002236400000 02A20102020120102020000000000000007000000000000000000000000000000000000000000000000000000                         1000   090000000000 
7560001300002Q 011000025092951877ANA GABRIELA TOLEDO ARROIO              AVENIDA BRIGADEIRO LUA­S ANTA´N,2808  JARDIM PAULISTA01402000      SAO PAULOSP0000000000000000                                        000                            
7560001300003R 01000000000000000000000000000000000000000000000000120102020000000000000447                                                                                                              0000000000000000 000000000000  0         
7560001300004S 013                                                                                                                                                                                                                              
7560001300005P 010563100000020087306 000010408301011     10 221785568400000002010202000000000003640000000 02A20102020120102020000000000000012000000000000000000000000000000000000000000000000000000                         1000   090000000000 
7560001300006Q 011000028234088866ANDREZA FAUCON COLOMBINI FAGANELLI      ALAMEDA JOAQUIM EUGAªNIO DE LIMA ,130  JARDIM PAULISTA01403000      SAO PAULOSP0000000000000000                                        000                            
7560001300007R 01000000000000000000000000000000000000000000000000120102020000000000000728                                                                                                              0000000000000000 000000000000  0         
7560001300008S 013                                                                                                                                                                                                                              
75600015         00000200000200000000000058764000000000000000000000000000000000000000000000000000000000000000000000                                                                                                                             
75699999         000001000002000000                                                                                                                                                                                                             