75600000         232970660000191                    0563100000020098014 EDUULMC CURSOS DE IDIOMAS EIRESICOOB                                  11607202408474600000108100000                                                                     
75600011R01  040 2032970660000191                    0563100000020098014 EDUULMC CURSOS DE IDIOMAS EIRE                                                                                000046481607202400000000                                 
7560001300001P 010563100000020098014 000027418001011     10 224202715300000003007202400000000003460700000 02A16072024130072024000000000000011000000000000000000000000000000000000000000000000000000                         1000   090000000000 
7560001300002Q 011000047064514850FERNANDO VASCONDE DE ARRUDA             AVENIDA MARECHAL HERMES ,119            CANTO DO FORTE 11700250   PRAIA GRANDESP0000000000000000                                        000                            
7560001300003R 01000000000000000000000000000000000000000000000000130072024000000000000692                                                                                                              0000000000000000 000000000000  0         
7560001300004S 013                                                                                                                                                                                                                              
7560001300005P 010563100000020098014 000027419801011     10 224206319190000003007202400000000002650000000 02A16072024130072024000000000000009000000000000000000000000000000000000000000000000000000                         1000   090000000000 
7560001300006Q 011000041416631828GABRIEL RODRIGUES BATISTA               AVENIDA BENVINDO TOLENTINO NETO ,164    VILA SANTA MARI07121270      GUARULHOSSP0000000000000000                                        000                            
7560001300007R 01000000000000000000000000000000000000000000000000130072024000000000000530                                                                                                              0000000000000000 000000000000  0         
7560001300008S 013                                                                                                                                                                                                                              
7560001300009P 010563100000020098014 000027420601011     10 224114219800000003007202400000000001000000000 02A16072024130072024000000000000003000000000000000000000000000000000000000000000000000000                         1000   090000000000 
7560001300010Q 011000026605186885ARIANA ACQUESTA CANAL                   AVENIDA DOM JAIME DE BARROS CAMARA ,515 PLANALTO       09895400SAO BERNARDO DOSP0000000000000000                                        000                            
7560001300011R 01000000000000000000000000000000000000000000000000130072024000000000000200                                                                                                              0000000000000000 000000000000  0         
7560001300012S 013                                                                                                                                                                                                                              
7560001300013P 010563100000020098014 000027421301011     10 223832819380000003007202400000000002670000000 02A16072024130072024000000000000009000000000000000000000000000000000000000000000000000000                         1000   090000000000 
7560001300014Q 011000045724935880MARINA CESCHIN                          AVENIDA DOM JAIME DE BARROS CAMARA ,670 PLANALTO       09895400SAO BERNARDO DOSP0000000000000000                                        000                            
7560001300015R 01000000000000000000000000000000000000000000000000130072024000000000000534                                                                                                              0000000000000000 000000000000  0         
7560001300016S 013                                                                                                                                                                                                                              
7560001300017P 010563100000020098014 000027422001011     10 224095019120000003007202400000000003392000000 02A16072024130072024000000000000011000000000000000000000000000000000000000000000000000000                         1000   090000000000 
7560001300018Q 011000020272815845ALEX SANDRO CHELA                       RUA HAYAKO YAMAUCHI ,32                 POLVILHO       07793440        CAJAMARSP0000000000000000                                        000                            
7560001300019R 01000000000000000000000000000000000000000000000000130072024000000000000678                                                                                                              0000000000000000 000000000000  0         
7560001300020S 013                                                                                                                                                                                                                              
75600015         00000500000500000000000131727000000000000000000000000000000000000000000000000000000000000000000000                                                                                                                             
75699999         000001000005000000                                                                                                                                                                                                             