75600000         219895217000135                    0563100000020064454 IWS CURSOS DE IDIOMAS LTDA    SICOOB                                  12701202515525800000108100000                                                                     
75600011R01  040 2019895217000135                    0563100000020064454 IWS CURSOS DE IDIOMAS LTDA                                                                                    000048762701202500000000                                 
7560001300001P 010563100000020064454 000029379601011     10 224468619860000001002202500000000002830200000 02A27012025110022025000000000000009000000000000000000000000000000000000000000000000000000                         1000   090000000000 
7560001300002Q 011000013507076861ALEXANDRE LEAO LUCCHESI                 RUA ALVARO DUARTE ,39                   JACANA         02272060      SAO PAULOSP0000000000000000                                        000                            
7560001300003R 01000000000000000000000000000000000000000000000000110022025000000000000566                                                                                                              0000000000000000 000000000000  0         
7560001300004S 013                                                                                                                                                                                                                              
7560001300005P 010563100000020064454 000029380401011     10 224060940000000001002202500000000002862000000 02A27012025110022025000000000000009000000000000000000000000000000000000000000000000000000                         1000   090000000000 
7560001300006Q 011000039857755836ALINE NUNES DAL SOGLIO GUIDI            RUA SAO FELIPE ,330                     PARQUE SAO JORG03085010      SAO PAULOSP0000000000000000                                        000                            
7560001300007R 01000000000000000000000000000000000000000000000000110022025000000000000572                                                                                                              0000000000000000 000000000000  0         
7560001300008S 013                                                                                                                                                                                                                              
7560001300009P 010563100000020064454 000029381101011     10 224363020970000001002202500000000002100000000 02A27012025110022025000000000000007000000000000000000000000000000000000000000000000000000                         1000   090000000000 
7560001300010Q 011000034482455857CRISTIANE DE JESUS PEREIRA              RUA GUINDOVAL ,149                      VILA NOVA BONSU07176570      GUARULHOSSP0000000000000000                                        000                            
7560001300011R 01000000000000000000000000000000000000000000000000110022025000000000000420                                                                                                              0000000000000000 000000000000  0         
7560001300012S 013                                                                                                                                                                                                                              
7560001300013P 010563100000020064454 000029382901011     10 223963318370000001002202500000000001908000000 02A27012025110022025000000000000006000000000000000000000000000000000000000000000000000000                         1000   090000000000 
7560001300014Q 011000016695147817RENATO BEZERRA SANTANA                  ESTRADA AGUA CHATA ,3009                AGUA CHATA     07251000      GUARULHOSSP0000000000000000                                        000                            
7560001300015R 01000000000000000000000000000000000000000000000000110022025000000000000382                                                                                                              0000000000000000 000000000000  0         
7560001300016S 013                                                                                                                                                                                                                              
7560001300017P 010563100000020064454 000029383601011     10 224142316970000001002202500000000003074000000 02A27012025110022025000000000000010000000000000000000000000000000000000000000000000000000                         1000   090000000000 
7560001300018Q 011000028580799864BRUNO LIGUORI PESCE                     RUA DONA DICA ,378                      JARDIM TRANQUIL07052000      GUARULHOSSP0000000000000000                                        000                            
7560001300019R 01000000000000000000000000000000000000000000000000110022025000000000000615                                                                                                              0000000000000000 000000000000  0         
7560001300020S 013                                                                                                                                                                                                                              
7560001300021P 010563100000020064454 000029384301011     10 223971818300000001002202500000000002830200000 02A27012025110022025000000000000009000000000000000000000000000000000000000000000000000000                         1000   090000000000 
7560001300022Q 011000032988336814CARLOS HENRIQUE DE OLIVEIRA             RUA DONA TECLA ,230                     JARDIM FLOR DA 07097380      GUARULHOSSP0000000000000000                                        000                            
7560001300023R 01000000000000000000000000000000000000000000000000110022025000000000000566                                                                                                              0000000000000000 000000000000  0         
7560001300024S 013                                                                                                                                                                                                                              
7560001300025P 010563100000020064454 000029385001011     10 223974218420000001002202500000000002830200000 02A27012025110022025000000000000009000000000000000000000000000000000000000000000000000000                         1000   090000000000 
7560001300026Q 011000040323474845CHRISTOPHER PAULO CRUZ                  RUA CELIA DOMINGUES FAUSTINO ,          PARQUE CECAP   07190060      GUARULHOSSP0000000000000000                                        000                            
7560001300027R 01000000000000000000000000000000000000000000000000110022025000000000000566                                                                                                              0000000000000000 000000000000  0         
7560001300028S 013                                                                                                                                                                                                                              
7560001300029P 010563100000020064454 000029386801011     10 224348320840000001002202500000000003872000000 02A27012025110022025000000000000013000000000000000000000000000000000000000000000000000000                         1000   090000000000 
7560001300030Q 011000015095382830CRISTINA MAKIKO SAITO HIRANO            RUA ALCINO BRAGA ,220                   PARAISO        04004020      SAO PAULOSP0000000000000000                                        000                            
7560001300031R 01000000000000000000000000000000000000000000000000110022025000000000000774                                                                                                              0000000000000000 000000000000  0         
7560001300032S 013                                                                                                                                                                                                                              
7560001300033P 010563100000020064454 000029387501011     10 224477019820000001002202500000000002650000000 02A27012025110022025000000000000009000000000000000000000000000000000000000000000000000000                         1000   090000000000 
7560001300034Q 011000032864696886DANILO NOVO OTAVIANO                    RUA MARRET ,24                          VILA PROGRESSO 07095140      GUARULHOSSP0000000000000000                                        000                            
7560001300035R 01000000000000000000000000000000000000000000000000110022025000000000000530                                                                                                              0000000000000000 000000000000  0         
7560001300036S 013                                                                                                                                                                                                                              
7560001300037P 010563100000020064454 000029388201011     10 224292420680000001002202500000000003520000000 02A27012025110022025000000000000012000000000000000000000000000000000000000000000000000000                         1000   090000000000 
7560001300038Q 011000022022841840DENISE VALENTE EVA                      RUA ZACARIAS DE GOIS ,715               PARQUE COLONIAL04610001      SAO PAULOSP0000000000000000                                        000                            
7560001300039R 01000000000000000000000000000000000000000000000000110022025000000000000704                                                                                                              0000000000000000 000000000000  0         
7560001300040S 013                                                                                                                                                                                                                              
7560001300041P 010563100000020064454 000029389001011     10 224148316920000001002202500000000002400000000 02A27012025110022025000000000000008000000000000000000000000000000000000000000000000000000                         1000   090000000000 
7560001300042Q 011000011874897867LUIZ ALEXANDRE PROFITTI                 RUA INDAIA ,200                         VILA PRUDENTE  03132125      SAO PAULOSP0000000000000000                                        000                            
7560001300043R 01000000000000000000000000000000000000000000000000110022025000000000000480                                                                                                              0000000000000000 000000000000  0         
7560001300044S 013                                                                                                                                                                                                                              
7560001300045P 010563100000020064454 000029390801011     10 224380821110000001002202500000000002870000000 02A27012025110022025000000000000009000000000000000000000000000000000000000000000000000000                         1000   090000000000 
7560001300046Q 011000062383501301GABRIEL MELO GAGLIONI                   RUA ABILIO RAMOS ,79                    MACEDO         07113090      GUARULHOSSP0000000000000000                                        000                            
7560001300047R 01000000000000000000000000000000000000000000000000110022025000000000000574                                                                                                              0000000000000000 000000000000  0         
7560001300048S 013                                                                                                                                                                                                                              
7560001300049P 010563100000020064454 000029391501011     10 224372121040000001002202500000000003800000000 02A27012025110022025000000000000013000000000000000000000000000000000000000000000000000000                         1000   090000000000 
7560001300050Q 011000035003158874GABRIELA CARVALHO                       RUA CARLOS COMENALE ,96                 BELA VISTA     01332030      SAO PAULOSP0000000000000000                                        000                            
7560001300051R 01000000000000000000000000000000000000000000000000110022025000000000000760                                                                                                              0000000000000000 000000000000  0         
7560001300052S 013                                                                                                                                                                                                                              
7560001300053P 010563100000020064454 000029392201011     10 224420321300000001002202500000000002400000000 02A27012025110022025000000000000008000000000000000000000000000000000000000000000000000000                         1000   090000000000 
7560001300054Q 011000038744936877GABRIELA GOMES TITANERO                 RUA MARRET ,24                          VILA PROGRESSO 07095140      GUARULHOSSP0000000000000000                                        000                            
7560001300055R 01000000000000000000000000000000000000000000000000110022025000000000000480                                                                                                              0000000000000000 000000000000  0         
7560001300056S 013                                                                                                                                                                                                                              
7560001300057P 010563100000020064454 000029393001011     10 224072995300000001002202500000000002332000000 02A27012025110022025000000000000008000000000000000000000000000000000000000000000000000000                         1000   090000000000 
7560001300058Q 011000021895277833ERIC HENRIQUE VASCONCELLOS SANTOS       RUA CONEGO VALADAO ,161                 GOPOUVA        07040000      GUARULHOSSP0000000000000000                                        000                            
7560001300059R 01000000000000000000000000000000000000000000000000110022025000000000000466                                                                                                              0000000000000000 000000000000  0         
7560001300060S 013                                                                                                                                                                                                                              
7560001300061P 010563100000020064454 000029394701011     10 224277525600000001002202500000000003955100000 02A27012025110022025000000000000013000000000000000000000000000000000000000000000000000000                         1000   090000000000 
7560001300062Q 011000007810479865IDERALDO ELMER RIBEIRO                  RUA ROSALI ,269                         VILA MARANDUBA 07060091      GUARULHOSSP0000000000000000                                        000                            
7560001300063R 01000000000000000000000000000000000000000000000000110022025000000000000791                                                                                                              0000000000000000 000000000000  0         
7560001300064S 013                                                                                                                                                                                                                              
7560001300065P 010563100000020064454 000029395401011     10 224350820860000001002202500000000001890000000 02A27012025110022025000000000000006000000000000000000000000000000000000000000000000000000                         1000   090000000000 
7560001300066Q 011000034465431805JACIANE IZIDORIO DE OLIVEIRA SOUZA      RUA JOSE FRANCA ,97                     PARQUE SAO MIGU07260180      GUARULHOSSP0000000000000000                                        000                            
7560001300067R 01000000000000000000000000000000000000000000000000110022025000000000000378                                                                                                              0000000000000000 000000000000  0         
7560001300068S 013                                                                                                                                                                                                                              
7560001300069P 010563100000020064454 000029396101011     10 224240926400000001002202500000000002471900000 02A27012025110022025000000000000008000000000000000000000000000000000000000000000000000000                         1000   090000000000 
7560001300070Q 011000026634012857JERRISLEI BENTO NOGUEIRA                AVENIDA CARLOS FERREIRA ENDRES ,1205    VILA ENDRES    07041030      GUARULHOSSP0000000000000000                                        000                            
7560001300071R 01000000000000000000000000000000000000000000000000110022025000000000000494                                                                                                              0000000000000000 000000000000  0         
7560001300072S 013                                                                                                                                                                                                                              
7560001300073P 010563100000020064454 000029397901011     10 224356815700000001002202500000000005618000000 02A27012025110022025000000000000019000000000000000000000000000000000000000000000000000000                         1000   090000000000 
7560001300074Q 011000007057855990KAUANNE FERREIRA DE MELO                AVENIDA MAZZEI ,12                      VILA MAZZEI    02310001      SAO PAULOSP0000000000000000                                        000                            
7560001300075R 01000000000000000000000000000000000000000000000000110022025000000000001124                                                                                                              0000000000000000 000000000000  0         
7560001300076S 013                                                                                                                                                                                                                              
7560001300077P 010563100000020064454 000029398601011     10 224322617840000001002202500000000002247200000 02A27012025110022025000000000000007000000000000000000000000000000000000000000000000000000                         1000   090000000000 
7560001300078Q 011000025385360813BENEDITA BISPO DA HORA                  RUA BENEDICTO THIESO ,28                PARQUE RESIDENC07159870      GUARULHOSSP0000000000000000                                        000                            
7560001300079R 01000000000000000000000000000000000000000000000000110022025000000000000449                                                                                                              0000000000000000 000000000000  0         
7560001300080S 013                                                                                                                                                                                                                              
7560001300081P 010563100000020064454 000029399301011     10 224365220980000001002202500000000005500000000 02A27012025110022025000000000000018000000000000000000000000000000000000000000000000000000                         1000   090000000000 
7560001300082Q 011000006694524838MARIA LUIZA ARDIZZONE ROSSI             RUA DOUTOR SOLON FERNANDES ,172         VILA ROSALIA   07072080      GUARULHOSSP0000000000000000                                        000                            
7560001300083R 01000000000000000000000000000000000000000000000000110022025000000000001100                                                                                                              0000000000000000 000000000000  0         
7560001300084S 013                                                                                                                                                                                                                              
7560001300085P 010563100000020064454 000029400701011     10 224083716710000001002202500000000001977500000 02A27012025110022025000000000000007000000000000000000000000000000000000000000000000000000                         1000   090000000000 
7560001300086Q 011000099343460872WANDERLEY JOSE RAMOS VENANCIO           RUA URBANO SANTOS ,530                  SITIO DOS BRITO07182320      GUARULHOSSP0000000000000000                                        000                            
7560001300087R 01000000000000000000000000000000000000000000000000110022025000000000000396                                                                                                              0000000000000000 000000000000  0         
7560001300088S 013                                                                                                                                                                                                                              
7560001300089P 010563100000020064454 000029401401011     10 224386921150000001002202500000000002100000000 02A27012025110022025000000000000007000000000000000000000000000000000000000000000000000000                         1000   090000000000 
7560001300090Q 011000082473277591ELISAMA NATIVIDADE DOS SANTOS SILVA     AVENIDA JACUPIRANGA ,90A                PARQUE JUREMA  07244170      GUARULHOSSP0000000000000000                                        000                            
7560001300091R 01000000000000000000000000000000000000000000000000110022025000000000000420                                                                                                              0000000000000000 000000000000  0         
7560001300092S 013                                                                                                                                                                                                                              
7560001300093P 010563100000020064454 000029402101011     10 224159116900000001002202500000000002400000000 02A27012025110022025000000000000008000000000000000000000000000000000000000000000000000000                         1000   090000000000 
7560001300094Q 011000011874897867LUIZ ALEXANDRE PROFITTI                 RUA INDAIA ,200                         VILA PRUDENTE  03132125      SAO PAULOSP0000000000000000                                        000                            
7560001300095R 01000000000000000000000000000000000000000000000000110022025000000000000480                                                                                                              0000000000000000 000000000000  0         
7560001300096S 013                                                                                                                                                                                                                              
7560001300097P 010563100000020064454 000029403901011     10 224025818270000001002202500000000002547200000 02A27012025110022025000000000000008000000000000000000000000000000000000000000000000000000                         1000   090000000000 
7560001300098Q 011000039053153861SAMMYA M. DA S. SOUSA                   RUA SARGENTO DA AERONAUTICA ARIOVAL,404 CIDADE JARDIM C07181240      GUARULHOSSP0000000000000000                                        000                            
7560001300099R 01000000000000000000000000000000000000000000000000110022025000000000000509                                                                                                              0000000000000000 000000000000  0         
7560001300100S 013                                                                                                                                                                                                                              
7560001300101P 010563100000020064454 000029404601011     10 224287153700000001002202500000000005561800000 02A27012025110022025000000000000018000000000000000000000000000000000000000000000000000000                         1000   090000000000 
7560001300102Q 011000009017220813SUZI SANTOS MONIZ                       ALAMEDA RIBEIRAO PRETO ,111             BELA VISTA     01331001      SAO PAULOSP0000000000000000                                        000                            
7560001300103R 01000000000000000000000000000000000000000000000000110022025000000000001112                                                                                                              0000000000000000 000000000000  0         
7560001300104S 013                                                                                                                                                                                                                              
7560001300105P 010563100000020064454 000029405301011     10 224410621240000001002202500000000003670000000 02A27012025110022025000000000000012000000000000000000000000000000000000000000000000000000                         1000   090000000000 
7560001300106Q 011000032139645812TATIANA MATOS SILVA                     RUA BRASILIA DE MINAS ,168              CIDADE PARQUE A07242380      GUARULHOSSP0000000000000000                                        000                            
7560001300107R 01000000000000000000000000000000000000000000000000110022025000000000000734                                                                                                              0000000000000000 000000000000  0         
7560001300108S 013                                                                                                                                                                                                                              
7560001300109P 010563100000020064454 000029406001011     10 224411821240000001002202500000000003670000000 02A27012025110022025000000000000012000000000000000000000000000000000000000000000000000000                         1000   090000000000 
7560001300110Q 011000032139645812TATIANA MATOS SILVA                     RUA BRASILIA DE MINAS ,168              CIDADE PARQUE A07242380      GUARULHOSSP0000000000000000                                        000                            
7560001300111R 01000000000000000000000000000000000000000000000000110022025000000000000734                                                                                                              0000000000000000 000000000000  0         
7560001300112S 013                                                                                                                                                                                                                              
7560001300113P 010563100000020064454 000029407801011     10 224029418730000001002202500000000003180000000 02A27012025110022025000000000000010000000000000000000000000000000000000000000000000000000                         1000   090000000000 
7560001300114Q 011000032837190802THAIS CRISTINA DA COSTA GHIDELLI CAMPOS AVENIDA LAURO GOMES ,111                RUDGE RAMOS    09635010SAO BERNARDO DOSP0000000000000000                                        000                            
7560001300115R 01000000000000000000000000000000000000000000000000110022025000000000000636                                                                                                              0000000000000000 000000000000  0         
7560001300116S 013                                                                                                                                                                                                                              
7560001300117P 010563100000020064454 000029408501011     10 224092115140000001002202500000000002224700000 02A27012025110022025000000000000007000000000000000000000000000000000000000000000000000000                         1000   090000000000 
7560001300118Q 011000004913644823VALQUIRIA DE CASSIA NUNES SOARES        RUA RODOVALHO JUNIOR ,44                PENHA DE FRANCA03605000      SAO PAULOSP0000000000000000                                        000                            
7560001300119R 01000000000000000000000000000000000000000000000000110022025000000000000445                                                                                                              0000000000000000 000000000000  0         
7560001300120S 013                                                                                                                                                                                                                              
7560001300121P 010563100000020064454 000029409201011     10 224236320610000001002202500000000002600000000 02A27012025110022025000000000000009000000000000000000000000000000000000000000000000000000                         1000   090000000000 
7560001300122Q 011000029578120885JULIANA MARIA DE OLIVEIRA               RUA CARLOS MALHEIRO DIAS ,308           VILA PIRITUBA  05170040      SAO PAULOSP0000000000000000                                        000                            
7560001300123R 01000000000000000000000000000000000000000000000000110022025000000000000520                                                                                                              0000000000000000 000000000000  0         
7560001300124S 013                                                                                                                                                                                                                              
75600015         00003100003100000000000938920000000000000000000000000000000000000000000000000000000000000000000000                                                                                                                             
75699999         000001000031000000                                                                                                                                                                                                             