75600000         219895217000135                    0563100000020064454 IWS CURSOS DE IDIOMAS LTDA    SICOOB                                  10306202414472300000108100000                                                                     
75600011R01  040 2019895217000135                    0563100000020064454 IWS CURSOS DE IDIOMAS LTDA                                                                                    000045900306202400000000                                 
7560001300001P 010563100000020064454 000026989301011     10 223784824000000000906202400000000017475000000 02A03062024109062024000000000000058000000000000000000000000000000000000000000000000000000                         1000   090000000000 
7560001300002Q 012062430194000112BRASPAR                                 RUA QUELUZ ,242                         CIDADE INDUSTRI07220050      GUARULHOSSP0000000000000000                                        000                            
7560001300003R 01000000000000000000000000000000000000000000000000109062024000000000003495                                                                                                              0000000000000000 000000000000  0         
7560001300004S 013                                                                                                                                                                                                                              
7560001300005P 010563100000020064454 000026990101011     10 223815921000000001006202400000000044300000000 02A03062024110062024000000000000146000000000000000000000000000000000000000000000000000000                         1000   090000000000 
7560001300006Q 012004731867000178INNOVAPACK                              RUA IGUACU ,301                         VILA FLORINDO  08574080ITAQUAQUECETUBASP0000000000000000                                        000                            
7560001300007R 01000000000000000000000000000000000000000000000000110062024000000000008860                                                                                                              0000000000000000 000000000000  0         
7560001300008S 013                                                                                                                                                                                                                              
7560001300009P 010563100000020064454 000026991901011     10 223861730000000002506202400000000003000000000 02A03062024125062024000000000000010000000000000000000000000000000000000000000000000000000                         1000   090000000000 
7560001300010Q 012008952410000144HOLLYTEC                                RUA AMADOR BUENO ,95                    JARDIM MUNHOZ  07042230      GUARULHOSSP0000000000000000                                        000                            
7560001300011R 01000000000000000000000000000000000000000000000000125062024000000000000600                                                                                                              0000000000000000 000000000000  0         
7560001300012S 013                                                                                                                                                                                                                              
7560001300013P 010563100000020064454 000026992601011     10 224134540000000001506202400000000021800000000 02A03062024115062024000000000000072000000000000000000000000000000000000000000000000000000                         1000   090000000000 
7560001300014Q 012010911237000269MIMAKI RECIFE                           AVENIDA DEZESSETE DE AGOSTO ,656        PARNAMIRIM     52060590         RECIFEPE0000000000000000                                        000                            
7560001300015R 01000000000000000000000000000000000000000000000000115062024000000000004360                                                                                                              0000000000000000 000000000000  0         
7560001300016S 013                                                                                                                                                                                                                              
7560001300017P 010563100000020064454 000026993301011     10 224135730000000001506202400000000032700000000 02A03062024115062024000000000000108000000000000000000000000000000000000000000000000000000                         1000   090000000000 
7560001300018Q 012010911237000340MIMAKI BLUMENAL                         RUA DOUTOR PEDRO ZIMMERMANN ,4490       ITOUPAVA CENTRA89068000       BLUMENAUSC0000000000000000                                        000                            
7560001300019R 01000000000000000000000000000000000000000000000000115062024000000000006540                                                                                                              0000000000000000 000000000000  0         
7560001300020S 013                                                                                                                                                                                                                              
7560001300021P 010563100000020064454 000026994001011     10 224136910000000001506202400000000043600000000 02A03062024115062024000000000000144000000000000000000000000000000000000000000000000000000                         1000   090000000000 
7560001300022Q 012010911237000188MIMAKI SAO PAULO                        AVENIDA DOUTOR LUIS ROCHA MIRANDA ,177  JABAQUARA      04344010      SAO PAULOSP0000000000000000                                        000                            
7560001300023R 01000000000000000000000000000000000000000000000000115062024000000000008720                                                                                                              0000000000000000 000000000000  0         
7560001300024S 013                                                                                                                                                                                                                              
7560001300025P 010563100000020064454 000026995801011     10 224138116000000001506202400000000021800000000 02A03062024115062024000000000000072000000000000000000000000000000000000000000000000000000                         1000   090000000000 
7560001300026Q 012010911237000420MIMAKI BH                               RUA SANTA CATARINA ,1032                LOURDES        30170084 BELO HORIZONTEMG0000000000000000                                        000                            
7560001300027R 01000000000000000000000000000000000000000000000000115062024000000000004360                                                                                                              0000000000000000 000000000000  0         
7560001300028S 013                                                                                                                                                                                                                              
75600015         00000700000700000000001846750000000000000000000000000000000000000000000000000000000000000000000000                                                                                                                             
75699999         000001000007000000                                                                                                                                                                                                             