75600000         229492820000120                    0563100000020087306 ANEXA IDIOMAS LTDA            SICOOB                                  12106202409014700000108100000                                                                     
75600011R01  040 2029492820000120                    0563100000020087306 ANEXA IDIOMAS LTDA                                                                                            000046122106202400000000                                 
7560001300001P 010563100000020087306 000027141201011     10 224295018240000000507202400000000000300000000 02A21062024105072024000000000000001000000000000000000000000000000000000000000000000000000                         1000   090000000000 
7560001300002Q 011000032193753830ADRIANA DA ROCHA FERREIRA               AVENIDA SENADOR VERGUEIRO ,2.685        ANCHIETA       09601000SAO BERNARDO DOSP0000000000000000                                        000                            
7560001300003R 01000000000000000000000000000000000000000000000000105072024000000000000060                                                                                                              0000000000000000 000000000000  0         
7560001300004S 013                                                                                                                                                                                                                              
7560001300005P 010563100000020087306 000027142001011     10 223965118690000000507202400000000001897400000 02A21062024105072024000000000000006000000000000000000000000000000000000000000000000000000                         1000   090000000000 
7560001300006Q 011000019275440840DANIELA APARECIDA FERREIRA CHAVES       AVENIDA DOM JAIME DE BARROS CAMARA ,357 PLANALTO       09895400SAO BERNARDO DOSP0000000000000000                                        000                            
7560001300007R 01000000000000000000000000000000000000000000000000105072024000000000000379                                                                                                              0000000000000000 000000000000  0         
7560001300008S 013                                                                                                                                                                                                                              
7560001300009P 010563100000020087306 000027143701011     10 224146419170000000507202400000000003943200000 02A21062024105072024000000000000013000000000000000000000000000000000000000000000000000000                         1000   090000000000 
7560001300010Q 011000011682946819CLEBER JOSE RICARDO MARQUES             AVENIDA LEONARDO DA VINCI ,2566         VILA GUARANI (Z04313002      SAO PAULOSP0000000000000000                                        000                            
7560001300011R 01000000000000000000000000000000000000000000000000105072024000000000000789                                                                                                              0000000000000000 000000000000  0         
7560001300012S 013                                                                                                                                                                                                                              
7560001300013P 010563100000020087306 000027144401011     10 224002318810000000507202400000000001897400000 02A21062024105072024000000000000006000000000000000000000000000000000000000000000000000000                         1000   090000000000 
7560001300014Q 011000026928896817MARCIO RICARDO ARAUJO                   AV. DOM JAIME DE BARROS CAMARA  ,763    PLANALTO       09895400SAO BERNARDO DOSP0000000000000000                                        000                            
7560001300015R 01000000000000000000000000000000000000000000000000105072024000000000000379                                                                                                              0000000000000000 000000000000  0         
7560001300016S 013                                                                                                                                                                                                                              
7560001300017P 010563100000020087306 000027145101011     10 224003518710000000507202400000000001791400000 02A21062024105072024000000000000006000000000000000000000000000000000000000000000000000000                         1000   090000000000 
7560001300018Q 011000058254616809MARCO RODRIGUES PEREIRA                 RUA PADRE PEDRO RIGO ,215               PLANALTO       09895750SAO BERNARDO DOSP0000000000000000                                        000                            
7560001300019R 01000000000000000000000000000000000000000000000000105072024000000000000358                                                                                                              0000000000000000 000000000000  0         
7560001300020S 013                                                                                                                                                                                                                              
7560001300021P 010563100000020087306 000027146901011     10 224289020660000000507202400000000002220000000 02A21062024105072024000000000000007000000000000000000000000000000000000000000000000000000                         1000   090000000000 
7560001300022Q 011000033585731848SHISLENE REIS SANTANA GOMES             AVENIDA DOM JAIME DE BARROS CAMARA ,357 PLANALTO       09895400SAO BERNARDO DOSP0000000000000000                                        000                            
7560001300023R 01000000000000000000000000000000000000000000000000105072024000000000000444                                                                                                              0000000000000000 000000000000  0         
7560001300024S 013                                                                                                                                                                                                                              
7560001300025P 010563100000020087306 000027147601011     10 224257718160000000707202400000000000000000000 02A21062024107072024000000000000000000000000000000000000000000000000000000000000000000000                         1000   090000000000 
7560001300026Q 011000038154949822SUZANA DE PAULA TONHEZ                  RUA SANT'ANA ,98                        CANHEMA        09941350        DIADEMASP0000000000000000                                        000                            
7560001300027R 01000000000000000000000000000000000000000000000000107072024000000000000000                                                                                                              0000000000000000 000000000000  0         
7560001300028S 013                                                                                                                                                                                                                              
75600015         00000700000700000000000120494000000000000000000000000000000000000000000000000000000000000000000000                                                                                                                             
75699999         000001000007000000                                                                                                                                                                                                             