75600000         232970660000191                    0563100000020098014 EDUULMC CURSOS DE IDIOMAS EIRESICOOB                                  10701202510005300000108100000                                                                     
75600011R01  040 2032970660000191                    0563100000020098014 EDUULMC CURSOS DE IDIOMAS EIRE                                                                                000048550701202500000000                                 
7560001300001P 010563100000020098014 000029260501011     10 224395918040000002001202500000000007550600000 02A07012025120012025000000000000025000000000000000000000000000000000000000000000000000000                         1000   090000000000 
7560001300002Q 011000027111775805CARLOS JOSE  FERREIRA DA COSTA          ALAMEDA JOAQUIM EUGENIO DE LIMA ,286    JARDIM PAULISTA01403000      SAO PAULOSP0000000000000000                                        000                            
7560001300003R 01000000000000000000000000000000000000000000000000120012025000000000001510                                                                                                              0000000000000000 000000000000  0         
7560001300004S 013                                                                                                                                                                                                                              
7560001300005P 010563100000020098014 000029261201011     10 223909515840000002001202500000000002320300000 02A07012025120012025000000000000008000000000000000000000000000000000000000000000000000000                         1000   090000000000 
7560001300006Q 011000043877622844DANIELLE AQUINO GASPAR                  RUA WALDEMAR DE PAULA FERREIRA ,331     JARDIM PRESIDEN07172010      GUARULHOSSP0000000000000000                                        000                            
7560001300007R 01000000000000000000000000000000000000000000000000120012025000000000000464                                                                                                              0000000000000000 000000000000  0         
7560001300008S 013                                                                                                                                                                                                                              
7560001300009P 010563100000020098014 000029262001011     10 224066816630000002001202500000000002500000000 02A07012025120012025000000000000008000000000000000000000000000000000000000000000000000000                         1000   090000000000 
7560001300010Q 011000029424248857ELIEZER QUEIROZ JUNIOR                  AVENIDA BRIGADEIRO FARIA LIMA ,1451     COCAIA         07130000      GUARULHOSSP0000000000000000                                        000                            
7560001300011R 01000000000000000000000000000000000000000000000000120012025000000000000500                                                                                                              0000000000000000 000000000000  0         
7560001300012S 013                                                                                                                                                                                                                              
7560001300013P 010563100000020098014 000029263701011     10 224431221400000002001202500000000004501200000 02A07012025120012025000000000000015000000000000000000000000000000000000000000000000000000                         1000   090000000000 
7560001300014Q 011000035766868863FELIPE ALVES DE SOUSA                   RUA ANTENOR DE SOUZA MELO ,454          JARDIM MARICA  08775370MOGI DAS CRUZESSP0000000000000000                                        000                            
7560001300015R 01000000000000000000000000000000000000000000000000120012025000000000000900                                                                                                              0000000000000000 000000000000  0         
7560001300016S 013                                                                                                                                                                                                                              
7560001300017P 010563100000020098014 000029264401011     10 223922729300000002001202500000000006529600000 02A07012025120012025000000000000022000000000000000000000000000000000000000000000000000000                         1000   090000000000 
7560001300018Q 011000003696482854NADIR FRANCISCO DO AMARAL               RUA DOS FRANCESES ,                     MORRO DOS INGLE01329010      SAO PAULOSP0000000000000000                                        000                            
7560001300019R 01000000000000000000000000000000000000000000000000120012025000000000001306                                                                                                              0000000000000000 000000000000  0         
7560001300020S 013                                                                                                                                                                                                                              
7560001300021P 010563100000020098014 000029265101011     10 224283415460000002001202500000000002719100000 02A07012025120012025000000000000009000000000000000000000000000000000000000000000000000000                         1000   090000000000 
7560001300022Q 011000052300786850LUIS ROBERTO OLIVEIRA                   RUA PROFESSOR WLADEMIR PEREIRA ,230     VILA SAO SILVES05386360      SAO PAULOSP0000000000000000                                        000                            
7560001300023R 01000000000000000000000000000000000000000000000000120012025000000000000544                                                                                                              0000000000000000 000000000000  0         
7560001300024S 013                                                                                                                                                                                                                              
7560001300025P 010563100000020098014 000029266901011     10 224451721470000002001202500000000002830000000 02A07012025120012025000000000000009000000000000000000000000000000000000000000000000000000                         1000   090000000000 
7560001300026Q 011000033022864817KELLY FERNANDA DA SILVA POVINELLI       AVENIDA SEBASTIAO RONCADA ,74           JARDIM DO SOL  14940690       IBITINGASP0000000000000000                                        000                            
7560001300027R 01000000000000000000000000000000000000000000000000120012025000000000000566                                                                                                              0000000000000000 000000000000  0         
7560001300028S 013                                                                                                                                                                                                                              
7560001300029P 010563100000020098014 000029267601011     10 224118120110000002001202500000000006550000000 02A07012025120012025000000000000022000000000000000000000000000000000000000000000000000000                         1000   090000000000 
7560001300030Q 011000028341411857TATIANA CRISTINA CARNEIRO VITORIANO     RUA EMILIANA ROSA DE ASSUNCAO ,108      VILA BUENOS AIR03627020      SAO PAULOSP0000000000000000                                        000                            
7560001300031R 01000000000000000000000000000000000000000000000000120012025000000000001310                                                                                                              0000000000000000 000000000000  0         
7560001300032S 013                                                                                                                                                                                                                              
7560001300033P 010563100000020098014 000029268301011     10 224531420110000002001202500000000001500000000 02A07012025120012025000000000000005000000000000000000000000000000000000000000000000000000                         1000   090000000000 
7560001300034Q 011000028341411857TATIANA CRISTINA CARNEIRO VITORIANO     RUA EMILIANA ROSA DE ASSUNCAO ,108      VILA BUENOS AIR03627020      SAO PAULOSP0000000000000000                                        000                            
7560001300035R 01000000000000000000000000000000000000000000000000120012025000000000000300                                                                                                              0000000000000000 000000000000  0         
7560001300036S 013                                                                                                                                                                                                                              
75600015         00000900000900000000000370008000000000000000000000000000000000000000000000000000000000000000000000                                                                                                                             
75699999         000001000009000000                                                                                                                                                                                                             