75600000         232970660000191                    0563100000020098014 EDUULMC CURSOS DE IDIOMAS EIRESICOOB                                  10111202409571200000108100000                                                                     
75600011R01  040 2032970660000191                    0563100000020098014 EDUULMC CURSOS DE IDIOMAS EIRE                                                                                000048030111202400000000                                 
7560001300001P 010563100000020098014 000028613701011     10 224366321000000001511202400000000001430200000 02A01112024115112024000000000000005000000000000000000000000000000000000000000000000000000                         1000   090000000000 
7560001300002Q 011000043572947898BRUNO FUZEL MUNHOZ                      RUA ALFREDO VOLPI ,89                   CERCADO GRANDE 06804130     ADAMANTINASP0000000000000000                                        000                            
7560001300003R 01000000000000000000000000000000000000000000000000115112024000000000000286                                                                                                              0000000000000000 000000000000  0         
7560001300004S 013                                                                                                                                                                                                                              
7560001300005P 010563100000020098014 000028614401011     10 223871618090000001511202400000000003180000000 02A01112024115112024000000000000010000000000000000000000000000000000000000000000000000000                         1000   090000000000 
7560001300006Q 011000037432422818GABRIELA APARECIDA DE ANDRADE SILVA     AVENIDA JOAO BATISTA SANTIAGO ,220      PARQUE SANTA RI08150030      SAO PAULOSP0000000000000000                                        000                            
7560001300007R 01000000000000000000000000000000000000000000000000115112024000000000000636                                                                                                              0000000000000000 000000000000  0         
7560001300008S 013                                                                                                                                                                                                                              
7560001300009P 010563100000020098014 000028615101011     10 223935733100000001511202400000000008162000000 02A01112024115112024000000000000027000000000000000000000000000000000000000000000000000000                         1000   090000000000 
7560001300010Q 011000017129471840LISANDRA MARQUES ALISEDA SEDRANI        RUA DOS FRANCESES ,                     MORRO DOS INGLE01329010      SAO PAULOSP0000000000000000                                        000                            
7560001300011R 01000000000000000000000000000000000000000000000000115112024000000000001632                                                                                                              0000000000000000 000000000000  0         
7560001300012S 013                                                                                                                                                                                                                              
7560001300013P 010563100000020098014 000028616901011     10 224155218830000001511202400000000002406200000 02A01112024115112024000000000000008000000000000000000000000000000000000000000000000000000                         1000   090000000000 
7560001300014Q 011000042672802823NAYARA VIEIRA DA SILVA                  AVENIDA CARLOS FERREIRA ENDRES ,1205    VILA ENDRES    07041030      GUARULHOSSP0000000000000000                                        000                            
7560001300015R 01000000000000000000000000000000000000000000000000115112024000000000000481                                                                                                              0000000000000000 000000000000  0         
7560001300016S 013                                                                                                                                                                                                                              
7560001300017P 010563100000020098014 000028617601011     10 224434018830000001511202400000000000500000000 02A01112024115112024000000000000002000000000000000000000000000000000000000000000000000000                         1000   090000000000 
7560001300018Q 011000042672802823NAYARA VIEIRA DA SILVA                  AVENIDA CARLOS FERREIRA ENDRES ,1205    VILA ENDRES    07041030      GUARULHOSSP0000000000000000                                        000                            
7560001300019R 01000000000000000000000000000000000000000000000000115112024000000000000100                                                                                                              0000000000000000 000000000000  0         
7560001300020S 013                                                                                                                                                                                                                              
7560001300021P 010563100000020098014 000028618301011     10 224285619350000001511202400000000003392000000 02A01112024115112024000000000000011000000000000000000000000000000000000000000000000000000                         1000   090000000000 
7560001300022Q 011000043096173877RAIAN CASSEMIRO                         ESTRADA SAO JUDAS ,190                  PARQUE ESPLANAD06817170     ADAMANTINASP0000000000000000                                        000                            
7560001300023R 01000000000000000000000000000000000000000000000000115112024000000000000678                                                                                                              0000000000000000 000000000000  0         
7560001300024S 013                                                                                                                                                                                                                              
7560001300025P 010563100000020098014 000028619001011     10 224367521010000001511202400000000001400000000 02A01112024115112024000000000000005000000000000000000000000000000000000000000000000000000                         1000   090000000000 
7560001300026Q 011000047117018852VICTOR TORRES GONZAGA                   RUA ALFREDO VOLPI ,89                   CERCADO GRANDE 06804130     ADAMANTINASP0000000000000000                                        000                            
7560001300027R 01000000000000000000000000000000000000000000000000115112024000000000000280                                                                                                              0000000000000000 000000000000  0         
7560001300028S 013                                                                                                                                                                                                                              
7560001300029P 010563100000020098014 000028620901011     10 224429821340000001511202400000000002832000000 02A01112024115112024000000000000009000000000000000000000000000000000000000000000000000000                         1000   090000000000 
7560001300030Q 011000036630642805VITOR SANT ANNA MOREIRA                 CONDOMINIO JARDIM DOS GERANIOS ,154     JARDIM DOS GERA14022300 RIBEIRAO PRETOSP0000000000000000                                        000                            
7560001300031R 01000000000000000000000000000000000000000000000000115112024000000000000566                                                                                                              0000000000000000 000000000000  0         
7560001300032S 013                                                                                                                                                                                                                              
7560001300033P 010563100000020098014 000028621601011     10 224432221340000001611202400000000000500000000 02A01112024116112024000000000000002000000000000000000000000000000000000000000000000000000                         1000   090000000000 
7560001300034Q 011000036630642805VITOR SANT ANNA MOREIRA                 CONDOMINIO JARDIM DOS GERANIOS ,154     JARDIM DOS GERA14022300 RIBEIRAO PRETOSP0000000000000000                                        000                            
7560001300035R 01000000000000000000000000000000000000000000000000116112024000000000000100                                                                                                              0000000000000000 000000000000  0         
7560001300036S 013                                                                                                                                                                                                                              
75600015         00000900000900000000000238024000000000000000000000000000000000000000000000000000000000000000000000                                                                                                                             
75699999         000001000009000000                                                                                                                                                                                                             