75600000         232970660000191                    0563100000020098014 EDUULMC CURSOS DE IDIOMAS EIRESICOOB                                  12407202408454100000108100000                                                                     
75600011R01  040 2032970660000191                    0563100000020098014 EDUULMC CURSOS DE IDIOMAS EIRE                                                                                000046612407202400000000                                 
7560001300001P 010563100000020098014 000027526101011     10 223899418330000001008202400000000003392000000 02A24072024110082024000000000000011000000000000000000000000000000000000000000000000000000                         1000   090000000000 
7560001300002Q 011000034222814873ADELE JANDIRA HAIDAR PERUCHE            RUA IUBATINGA ,14                       VILA ANDRADE   05716110      SAO PAULOSP0000000000000000                                        000                            
7560001300003R 01000000000000000000000000000000000000000000000000110082024000000000000678                                                                                                              0000000000000000 000000000000  0         
7560001300004S 013                                                                                                                                                                                                                              
7560001300005P 010563100000020098014 000027527901011     10 224140517030000001008202400000000002247200000 02A24072024110082024000000000000007000000000000000000000000000000000000000000000000000000                         1000   090000000000 
7560001300006Q 011000033280346843ANSELMO DA SILVA                        RUA SERRA ACARAI ,145                   JARDIM PAINEIRA08581070ITAQUAQUECETUBASP0000000000000000                                        000                            
7560001300007R 01000000000000000000000000000000000000000000000000110082024000000000000449                                                                                                              0000000000000000 000000000000  0         
7560001300008S 013                                                                                                                                                                                                                              
7560001300009P 010563100000020098014 000027528601011     10 224336817030000001008202400000000000500000000 02A24072024110082024000000000000002000000000000000000000000000000000000000000000000000000                         1000   090000000000 
7560001300010Q 011000033280346843ANSELMO DA SILVA                        RUA SERRA ACARAI ,145                   JARDIM PAINEIRA08581070ITAQUAQUECETUBASP0000000000000000                                        000                            
7560001300011R 01000000000000000000000000000000000000000000000000110082024000000000000100                                                                                                              0000000000000000 000000000000  0         
7560001300012S 013                                                                                                                                                                                                                              
7560001300013P 010563100000020098014 000027529301011     10 224167420260000001008202400000000003520000000 02A24072024110082024000000000000012000000000000000000000000000000000000000000000000000000                         1000   090000000000 
7560001300014Q 011000026814121883 LAIS CRISTINA COIMBRA BENTES           RUA PELOTAS ,255                        VILA MARIANA   04012000      SAO PAULOSP0000000000000000                                        000                            
7560001300015R 01000000000000000000000000000000000000000000000000110082024000000000000704                                                                                                              0000000000000000 000000000000  0         
7560001300016S 013                                                                                                                                                                                                                              
7560001300017P 010563100000020098014 000027530101011     10 224343320260000001008202400000000000880000000 02A24072024110082024000000000000003000000000000000000000000000000000000000000000000000000                         1000   090000000000 
7560001300018Q 011000026814121883 LAIS CRISTINA COIMBRA BENTES           RUA PELOTAS ,255                        VILA MARIANA   04012000      SAO PAULOSP0000000000000000                                        000                            
7560001300019R 01000000000000000000000000000000000000000000000000110082024000000000000176                                                                                                              0000000000000000 000000000000  0         
7560001300020S 013                                                                                                                                                                                                                              
7560001300021P 010563100000020098014 000027531901011     10 224061514950000001008202400000000001816800000 02A24072024110082024000000000000006000000000000000000000000000000000000000000000000000000                         1000   090000000000 
7560001300022Q 011000042109093862CELINA PEREIRA SANTIAGO                 RUA AURORA CONTIERI ,49                 SUMAREZINHO    05441060      SAO PAULOSP0000000000000000                                        000                            
7560001300023R 01000000000000000000000000000000000000000000000000110082024000000000000363                                                                                                              0000000000000000 000000000000  0         
7560001300024S 013                                                                                                                                                                                                                              
7560001300025P 010563100000020098014 000027532601011     10 224200415230000001008202400000000004325900000 02A24072024110082024000000000000014000000000000000000000000000000000000000000000000000000                         1000   090000000000 
7560001300026Q 011000017533829808CLEBER ANTONIO CHINELATO                RUA DOS FRANCESES ,498                  MORRO DOS INGLE01329010      SAO PAULOSP0000000000000000                                        000                            
7560001300027R 01000000000000000000000000000000000000000000000000110082024000000000000865                                                                                                              0000000000000000 000000000000  0         
7560001300028S 013                                                                                                                                                                                                                              
7560001300029P 010563100000020098014 000027533301011     10 224179520350000001008202400000000002100000000 02A24072024110082024000000000000007000000000000000000000000000000000000000000000000000000                         1000   090000000000 
7560001300030Q 011000014217408854RUTH PEREIRA FILHA SGROIA               RUA MIRO VETORAZZO ,200                 DEMARCHI       09820135SAO BERNARDO DOSP0000000000000000                                        000                            
7560001300031R 01000000000000000000000000000000000000000000000000110082024000000000000420                                                                                                              0000000000000000 000000000000  0         
7560001300032S 013                                                                                                                                                                                                                              
7560001300033P 010563100000020098014 000027534001011     10 223775414830000001008202400000000001500000000 02A24072024110082024000000000000005000000000000000000000000000000000000000000000000000000                         1000   090000000000 
7560001300034Q 011000038686017835ISABELA GONCALVES CARDOSO DE SA         RUA AIMBERE ,1775 AP 72                 SUMARE         01258020      SAO PAULOSP0000000000000000                                        000                            
7560001300035R 01000000000000000000000000000000000000000000000000110082024000000000000300                                                                                                              0000000000000000 000000000000  0         
7560001300036S 013                                                                                                                                                                                                                              
7560001300037P 010563100000020098014 000027535801011     10 223845319570000001008202400000000001990000000 02A24072024110082024000000000000007000000000000000000000000000000000000000000000000000000                         1000   090000000000 
7560001300038Q 011000036406378873ALINE JENIFER BIM MONCAO                RUA TIRADENTES ,1837                    SANTA TEREZINHA09780265SAO BERNARDO DOSP0000000000000000                                        000                            
7560001300039R 01000000000000000000000000000000000000000000000000110082024000000000000398                                                                                                              0000000000000000 000000000000  0         
7560001300040S 013                                                                                                                                                                                                                              
7560001300041P 010563100000020098014 000027536501011     10 223934216040000001008202400000000003030400000 02A24072024110082024000000000000010000000000000000000000000000000000000000000000000000000                         1000   090000000000 
7560001300042Q 011000043285071842LETICIA DA SILVA SOBREIRA               RUA ROSALINA SCHULTZ ,176 B CASA        JARDIM BEATRIZ 06765010TABOAO DA SERRASP0000000000000000                                        000                            
7560001300043R 01000000000000000000000000000000000000000000000000110082024000000000000606                                                                                                              0000000000000000 000000000000  0         
7560001300044S 013                                                                                                                                                                                                                              
7560001300045P 010563100000020098014 000027537201011     10 224174620300000001008202400000000004455000000 02A24072024110082024000000000000015000000000000000000000000000000000000000000000000000000                         1000   090000000000 
7560001300046Q 011000011267673877LUCAS DA COSTA                          RUA ALEXANDRE CHEID ,52                 PARQUE SAVOY CI03570100      SAO PAULOSP0000000000000000                                        000                            
7560001300047R 01000000000000000000000000000000000000000000000000110082024000000000000891                                                                                                              0000000000000000 000000000000  0         
7560001300048S 013                                                                                                                                                                                                                              
7560001300049P 010563100000020098014 000027538001011     10 224212472500000001008202400000000001853900000 02A24072024110082024000000000000006000000000000000000000000000000000000000000000000000000                         1000   090000000000 
7560001300050Q 011000003567487825NABOR ALVES MONTEIRO                    RUA SOLDADO GENESIO VALENTIM CORREA,37  VILA YAYA      07060023      GUARULHOSSP0000000000000000                                        000                            
7560001300051R 01000000000000000000000000000000000000000000000000110082024000000000000371                                                                                                              0000000000000000 000000000000  0         
7560001300052S 013                                                                                                                                                                                                                              
7560001300053P 010563100000020098014 000027539701011     10 224084342300000001008202400000000002842700000 02A24072024110082024000000000000009000000000000000000000000000000000000000000000000000000                         1000   090000000000 
7560001300054Q 011000011279917792PETRIC RIOS BASTOS                      AVENIDA OTAVIANO ALVES DE LIMA ,3600    JARDIM DAS GRAC02701000      SAO PAULOSP0000000000000000                                        000                            
7560001300055R 01000000000000000000000000000000000000000000000000110082024000000000000569                                                                                                              0000000000000000 000000000000  0         
7560001300056S 013                                                                                                                                                                                                                              
7560001300057P 010563100000020098014 000027540501011     10 224165920240000001008202400000000003200000000 02A24072024110082024000000000000011000000000000000000000000000000000000000000000000000000                         1000   090000000000 
7560001300058Q 011000008992109610SUELY GONCALVES DA SILVA                RUA MANOEL AMARAL ,27 9981164           CENTRO         09910000        DIADEMASP0000000000000000                                        000                            
7560001300059R 01000000000000000000000000000000000000000000000000110082024000000000000640                                                                                                              0000000000000000 000000000000  0         
7560001300060S 013                                                                                                                                                                                                                              
7560001300061P 010563100000020098014 000027541201011     10 224287717630000001008202400000000002247200000 02A24072024110082024000000000000007000000000000000000000000000000000000000000000000000000                         1000   090000000000 
7560001300062Q 011000026504465878KATIA TIBERIO                           RUA MONTE CARLO ,223                    JARDIM BELA VIS07133110      GUARULHOSSP0000000000000000                                        000                            
7560001300063R 01000000000000000000000000000000000000000000000000110082024000000000000449                                                                                                              0000000000000000 000000000000  0         
7560001300064S 013                                                                                                                                                                                                                              
7560001300065P 010563100000020098014 000027542001011     10 224214817380000001008202400000000001651700000 02A24072024110082024000000000000005000000000000000000000000000000000000000000000000000000                         1000   090000000000 
7560001300066Q 011000050020255870VITOR ANTUNES PEREIRA                   RUA DOM SALOMAO FERRAZ ,80              VILA ANDRADE   05729140      SAO PAULOSP0000000000000000                                        000                            
7560001300067R 01000000000000000000000000000000000000000000000000110082024000000000000330                                                                                                              0000000000000000 000000000000  0         
7560001300068S 013                                                                                                                                                                                                                              
75600015         00001700001700000000000415528000000000000000000000000000000000000000000000000000000000000000000000                                                                                                                             
75699999         000001000017000000                                                                                                                                                                                                             