75600000         219895217000135                    0563100000020064454 IWS CURSOS DE IDIOMAS LTDA    SICOOB                                  12509202409002400000108100000                                                                     
75600011R01  040 2019895217000135                    0563100000020064454 IWS CURSOS DE IDIOMAS LTDA                                                                                    000047532509202400000000                                 
7560001300001P 010563100000020064454 000028132801011     10 224387721160000001010202400000000002670000000 02A25092024110102024000000000000009000000000000000000000000000000000000000000000000000000                         1000   090000000000 
7560001300002Q 011000039945420810ALANA SANTANA DE SOUZA                  AVENIDA DIOGO CARNEIRO DA FONTOURA ,330 VILA NOVA GALVA02280150      SAO PAULOSP0000000000000000                                        000                            
7560001300003R 01000000000000000000000000000000000000000000000000110102024000000000000534                                                                                                              0000000000000000 000000000000  0         
7560001300004S 013                                                                                                                                                                                                                              
7560001300005P 010563100000020064454 000028133501011     10 224389121160000001010202400000000000750000000 02A25092024110102024000000000000002000000000000000000000000000000000000000000000000000000                         1000   090000000000 
7560001300006Q 011000039945420810ALANA SANTANA DE SOUZA                  AVENIDA DIOGO CARNEIRO DA FONTOURA ,330 VILA NOVA GALVA02280150      SAO PAULOSP0000000000000000                                        000                            
7560001300007R 01000000000000000000000000000000000000000000000000110102024000000000000150                                                                                                              0000000000000000 000000000000  0         
7560001300008S 013                                                                                                                                                                                                                              
7560001300009P 010563100000020064454 000028134201011     10 224046619860000001010202400000000002670000000 02A25092024110102024000000000000009000000000000000000000000000000000000000000000000000000                         1000   090000000000 
7560001300010Q 011000013507076861ALEXANDRE LEAO LUCCHESI                 RUA ALVARO DUARTE ,39                   JACANA         02272060      SAO PAULOSP0000000000000000                                        000                            
7560001300011R 01000000000000000000000000000000000000000000000000110102024000000000000534                                                                                                              0000000000000000 000000000000  0         
7560001300012S 013                                                                                                                                                                                                                              
7560001300013P 010563100000020064454 000028135001011     10 224060540000000001010202400000000002862000000 02A25092024110102024000000000000009000000000000000000000000000000000000000000000000000000                         1000   090000000000 
7560001300014Q 011000039857755836ALINE NUNES DAL SOGLIO GUIDI            RUA SAO FELIPE ,330                     PARQUE SAO JORG03085010      SAO PAULOSP0000000000000000                                        000                            
7560001300015R 01000000000000000000000000000000000000000000000000110102024000000000000572                                                                                                              0000000000000000 000000000000  0         
7560001300016S 013                                                                                                                                                                                                                              
7560001300017P 010563100000020064454 000028136701011     10 224362620970000001010202400000000002100000000 02A25092024110102024000000000000007000000000000000000000000000000000000000000000000000000                         1000   090000000000 
7560001300018Q 011000034482455857CRISTIANE DE JESUS PEREIRA              RUA GUINDOVAL ,149                      VILA NOVA BONSU07176570      GUARULHOSSP0000000000000000                                        000                            
7560001300019R 01000000000000000000000000000000000000000000000000110102024000000000000420                                                                                                              0000000000000000 000000000000  0         
7560001300020S 013                                                                                                                                                                                                                              
7560001300021P 010563100000020064454 000028137401011     10 224363820970000001010202400000000000500000000 02A25092024110102024000000000000002000000000000000000000000000000000000000000000000000000                         1000   090000000000 
7560001300022Q 011000034482455857CRISTIANE DE JESUS PEREIRA              RUA GUINDOVAL ,149                      VILA NOVA BONSU07176570      GUARULHOSSP0000000000000000                                        000                            
7560001300023R 01000000000000000000000000000000000000000000000000110102024000000000000100                                                                                                              0000000000000000 000000000000  0         
7560001300024S 013                                                                                                                                                                                                                              
7560001300025P 010563100000020064454 000028138101011     10 223962918370000001010202400000000001908000000 02A25092024110102024000000000000006000000000000000000000000000000000000000000000000000000                         1000   090000000000 
7560001300026Q 011000016695147817RENATO BEZERRA SANTANA                  ESTRADA AGUA CHATA ,3009                AGUA CHATA     07251000      GUARULHOSSP0000000000000000                                        000                            
7560001300027R 01000000000000000000000000000000000000000000000000110102024000000000000382                                                                                                              0000000000000000 000000000000  0         
7560001300028S 013                                                                                                                                                                                                                              
7560001300029P 010563100000020064454 000028139901011     10 224141916970000001010202400000000003074000000 02A25092024110102024000000000000010000000000000000000000000000000000000000000000000000000                         1000   090000000000 
7560001300030Q 011000028580799864BRUNO LIGUORI PESCE                     RUA DONA DICA ,378                      JARDIM TRANQUIL07052000      GUARULHOSSP0000000000000000                                        000                            
7560001300031R 01000000000000000000000000000000000000000000000000110102024000000000000615                                                                                                              0000000000000000 000000000000  0         
7560001300032S 013                                                                                                                                                                                                                              
7560001300033P 010563100000020064454 000028140701011     10 224360220950000001010202400000000002300000000 02A25092024110102024000000000000008000000000000000000000000000000000000000000000000000000                         1000   090000000000 
7560001300034Q 011000031086591895RODRIGO DIOGO PEREIRA                   RUA ALVARENGA PEIXOTO ,551              SAO PAULO II   06706095          COTIASP0000000000000000                                        000                            
7560001300035R 01000000000000000000000000000000000000000000000000110102024000000000000460                                                                                                              0000000000000000 000000000000  0         
7560001300036S 013                                                                                                                                                                                                                              
7560001300037P 010563100000020064454 000028141401011     10 223971418300000001010202400000000002830200000 02A25092024110102024000000000000009000000000000000000000000000000000000000000000000000000                         1000   090000000000 
7560001300038Q 011000032988336814CARLOS HENRIQUE DE OLIVEIRA             RUA DONA TECLA ,230                     JARDIM FLOR DA 07097380      GUARULHOSSP0000000000000000                                        000                            
7560001300039R 01000000000000000000000000000000000000000000000000110102024000000000000566                                                                                                              0000000000000000 000000000000  0         
7560001300040S 013                                                                                                                                                                                                                              
7560001300041P 010563100000020064454 000028142101011     10 223973818420000001010202400000000002830200000 02A25092024110102024000000000000009000000000000000000000000000000000000000000000000000000                         1000   090000000000 
7560001300042Q 011000040323474845CHRISTOPHER PAULO CRUZ                  RUA CELIA DOMINGUES FAUSTINO ,          PARQUE CECAP   07190060      GUARULHOSSP0000000000000000                                        000                            
7560001300043R 01000000000000000000000000000000000000000000000000110102024000000000000566                                                                                                              0000000000000000 000000000000  0         
7560001300044S 013                                                                                                                                                                                                                              
7560001300045P 010563100000020064454 000028143901011     10 224347920840000001010202400000000003872000000 02A25092024110102024000000000000013000000000000000000000000000000000000000000000000000000                         1000   090000000000 
7560001300046Q 011000015095382830CRISTINA MAKIKO SAITO HIRANO            RUA ALCINO BRAGA ,220                   PARAISO        04004020      SAO PAULOSP0000000000000000                                        000                            
7560001300047R 01000000000000000000000000000000000000000000000000110102024000000000000774                                                                                                              0000000000000000 000000000000  0         
7560001300048S 013                                                                                                                                                                                                                              
7560001300049P 010563100000020064454 000028144601011     10 224043019820000001010202400000000002250000000 02A25092024110102024000000000000007000000000000000000000000000000000000000000000000000000                         1000   090000000000 
7560001300050Q 011000032864696886DANILO NOVO OTAVIANO                    RUA MARRET ,24                          VILA PROGRESSO 07095140      GUARULHOSSP0000000000000000                                        000                            
7560001300051R 01000000000000000000000000000000000000000000000000110102024000000000000450                                                                                                              0000000000000000 000000000000  0         
7560001300052S 013                                                                                                                                                                                                                              
7560001300053P 010563100000020064454 000028145301011     10 224292020680000001010202400000000003520000000 02A25092024110102024000000000000012000000000000000000000000000000000000000000000000000000                         1000   090000000000 
7560001300054Q 011000022022841840DENISE VALENTE EVA                      RUA ZACARIAS DE GOIS ,715               PARQUE COLONIAL04610001      SAO PAULOSP0000000000000000                                        000                            
7560001300055R 01000000000000000000000000000000000000000000000000110102024000000000000704                                                                                                              0000000000000000 000000000000  0         
7560001300056S 013                                                                                                                                                                                                                              
7560001300057P 010563100000020064454 000028146001011     10 224373421060000001010202400000000007744000000 02A25092024110102024000000000000026000000000000000000000000000000000000000000000000000000                         1000   090000000000 
7560001300058Q 011000033922017827EDUARDO LOURENCO SILVA                  RUA DOM IRINEU JOFFILY ,26              VILA GRANADA   03659040      SAO PAULOSP0000000000000000                                        000                            
7560001300059R 01000000000000000000000000000000000000000000000000110102024000000000001549                                                                                                              0000000000000000 000000000000  0         
7560001300060S 013                                                                                                                                                                                                                              
7560001300061P 010563100000020064454 000028147801011     10 224374621060000001010202400000000000500000000 02A25092024110102024000000000000002000000000000000000000000000000000000000000000000000000                         1000   090000000000 
7560001300062Q 011000033922017827EDUARDO LOURENCO SILVA                  RUA DOM IRINEU JOFFILY ,26              VILA GRANADA   03659040      SAO PAULOSP0000000000000000                                        000                            
7560001300063R 01000000000000000000000000000000000000000000000000110102024000000000000100                                                                                                              0000000000000000 000000000000  0         
7560001300064S 013                                                                                                                                                                                                                              
7560001300065P 010563100000020064454 000028148501011     10 224147916920000001010202400000000002400000000 02A25092024110102024000000000000008000000000000000000000000000000000000000000000000000000                         1000   090000000000 
7560001300066Q 011000011874897867LUIZ ALEXANDRE PROFITTI                 RUA INDAIA ,200                         VILA PRUDENTE  03132125      SAO PAULOSP0000000000000000                                        000                            
7560001300067R 01000000000000000000000000000000000000000000000000110102024000000000000480                                                                                                              0000000000000000 000000000000  0         
7560001300068S 013                                                                                                                                                                                                                              
7560001300069P 010563100000020064454 000028149201011     10 224380421110000001010202400000000002870000000 02A25092024110102024000000000000009000000000000000000000000000000000000000000000000000000                         1000   090000000000 
7560001300070Q 011000062383501301GABRIEL MELO GAGLIONI                   RUA ABILIO RAMOS ,79                    MACEDO         07113090      GUARULHOSSP0000000000000000                                        000                            
7560001300071R 01000000000000000000000000000000000000000000000000110102024000000000000574                                                                                                              0000000000000000 000000000000  0         
7560001300072S 013                                                                                                                                                                                                                              
7560001300073P 010563100000020064454 000028150001011     10 224371721040000001010202400000000003800000000 02A25092024110102024000000000000013000000000000000000000000000000000000000000000000000000                         1000   090000000000 
7560001300074Q 011000035003158874GABRIELA CARVALHO                       RUA CARLOS COMENALE ,96                 BELA VISTA     01332030      SAO PAULOSP0000000000000000                                        000                            
7560001300075R 01000000000000000000000000000000000000000000000000110102024000000000000760                                                                                                              0000000000000000 000000000000  0         
7560001300076S 013                                                                                                                                                                                                                              
7560001300077P 010563100000020064454 000028151801011     10 224372821040000001010202400000000000500000000 02A25092024110102024000000000000002000000000000000000000000000000000000000000000000000000                         1000   090000000000 
7560001300078Q 011000035003158874GABRIELA CARVALHO                       RUA CARLOS COMENALE ,96                 BELA VISTA     01332030      SAO PAULOSP0000000000000000                                        000                            
7560001300079R 01000000000000000000000000000000000000000000000000110102024000000000000100                                                                                                              0000000000000000 000000000000  0         
7560001300080S 013                                                                                                                                                                                                                              
7560001300081P 010563100000020064454 000028152501011     10 224072595300000001010202400000000002332000000 02A25092024110102024000000000000008000000000000000000000000000000000000000000000000000000                         1000   090000000000 
7560001300082Q 011000021895277833ERIC HENRIQUE VASCONCELLOS SANTOS       RUA CONEGO VALADAO ,161                 GOPOUVA        07040000      GUARULHOSSP0000000000000000                                        000                            
7560001300083R 01000000000000000000000000000000000000000000000000110102024000000000000466                                                                                                              0000000000000000 000000000000  0         
7560001300084S 013                                                                                                                                                                                                                              
7560001300085P 010563100000020064454 000028153201011     10 224277125600000001010202400000000003955100000 02A25092024110102024000000000000013000000000000000000000000000000000000000000000000000000                         1000   090000000000 
7560001300086Q 011000007810479865IDERALDO ELMER RIBEIRO                  RUA ROSALI ,269                         VILA MARANDUBA 07060091      GUARULHOSSP0000000000000000                                        000                            
7560001300087R 01000000000000000000000000000000000000000000000000110102024000000000000791                                                                                                              0000000000000000 000000000000  0         
7560001300088S 013                                                                                                                                                                                                                              
7560001300089P 010563100000020064454 000028154001011     10 224127920170000001010202400000000001000000000 02A25092024110102024000000000000003000000000000000000000000000000000000000000000000000000                         1000   090000000000 
7560001300090Q 011000009727368670ISABELA KRISTINA MESQUITA SILVA         RUA ARISTOBULO SILVA ,22                CENTRO         37240000     LUMINARIASMG0000000000000000                                        000                            
7560001300091R 01000000000000000000000000000000000000000000000000110102024000000000000200                                                                                                              0000000000000000 000000000000  0         
7560001300092S 013                                                                                                                                                                                                                              
7560001300093P 010563100000020064454 000028155701011     10 223924812840000001010202400000000003466200000 02A25092024110102024000000000000011000000000000000000000000000000000000000000000000000000                         1000   090000000000 
7560001300094Q 011000000623528819ANTONIO CARLOS DA SILVA                 RUA PROFESSOR JOSE SOARES DE MELLO ,179 JARDIM CENTENAR02882100      SAO PAULOSP0000000000000000                                        000                            
7560001300095R 01000000000000000000000000000000000000000000000000110102024000000000000693                                                                                                              0000000000000000 000000000000  0         
7560001300096S 013                                                                                                                                                                                                                              
7560001300097P 010563100000020064454 000028156401011     10 224342320790000001010202400000000003200000000 02A25092024110102024000000000000011000000000000000000000000000000000000000000000000000000                         1000   090000000000 
7560001300098Q 011000014810831710ISABELLE SILVA MENDES                   RUA LUIZ BARATA ,315                    CAMPO GRANDE   23050390 RIO DE JANEIRORJ0000000000000000                                        000                            
7560001300099R 01000000000000000000000000000000000000000000000000110102024000000000000640                                                                                                              0000000000000000 000000000000  0         
7560001300100S 013                                                                                                                                                                                                                              
7560001300101P 010563100000020064454 000028157101011     10 224350420860000001010202400000000001890000000 02A25092024110102024000000000000006000000000000000000000000000000000000000000000000000000                         1000   090000000000 
7560001300102Q 011000034465431805JACIANE IZIDORIO DE OLIVEIRA SOUZA      RUA JOSE FRANCA ,97                     PARQUE SAO MIGU07260180      GUARULHOSSP0000000000000000                                        000                            
7560001300103R 01000000000000000000000000000000000000000000000000110102024000000000000378                                                                                                              0000000000000000 000000000000  0         
7560001300104S 013                                                                                                                                                                                                                              
7560001300105P 010563100000020064454 000028158901011     10 224380220860000001010202400000000000750000000 02A25092024110102024000000000000002000000000000000000000000000000000000000000000000000000                         1000   090000000000 
7560001300106Q 011000034465431805JACIANE IZIDORIO DE OLIVEIRA SOUZA      RUA JOSE FRANCA ,97                     PARQUE SAO MIGU07260180      GUARULHOSSP0000000000000000                                        000                            
7560001300107R 01000000000000000000000000000000000000000000000000110102024000000000000150                                                                                                              0000000000000000 000000000000  0         
7560001300108S 013                                                                                                                                                                                                                              
7560001300109P 010563100000020064454 000028159601011     10 224240526400000001010202400000000002471900000 02A25092024110102024000000000000008000000000000000000000000000000000000000000000000000000                         1000   090000000000 
7560001300110Q 011000026634012857JERRISLEI BENTO NOGUEIRA                AVENIDA CARLOS FERREIRA ENDRES ,1205    VILA ENDRES    07041030      GUARULHOSSP0000000000000000                                        000                            
7560001300111R 01000000000000000000000000000000000000000000000000110102024000000000000494                                                                                                              0000000000000000 000000000000  0         
7560001300112S 013                                                                                                                                                                                                                              
7560001300113P 010563100000020064454 000028160401011     10 224356415700000001010202400000000005618000000 02A25092024110102024000000000000019000000000000000000000000000000000000000000000000000000                         1000   090000000000 
7560001300114Q 011000007057855990KAUANNE FERREIRA DE MELO                AVENIDA MAZZEI ,12                      VILA MAZZEI    02310001      SAO PAULOSP0000000000000000                                        000                            
7560001300115R 01000000000000000000000000000000000000000000000000110102024000000000001124                                                                                                              0000000000000000 000000000000  0         
7560001300116S 013                                                                                                                                                                                                                              
7560001300117P 010563100000020064454 000028161101011     10 224322217840000001010202400000000002247200000 02A25092024110102024000000000000007000000000000000000000000000000000000000000000000000000                         1000   090000000000 
7560001300118Q 011000025385360813BENEDITA BISPO DA HORA                  RUA BENEDICTO THIESO ,28                PARQUE RESIDENC07159870      GUARULHOSSP0000000000000000                                        000                            
7560001300119R 01000000000000000000000000000000000000000000000000110102024000000000000449                                                                                                              0000000000000000 000000000000  0         
7560001300120S 013                                                                                                                                                                                                                              
7560001300121P 010563100000020064454 000028162901011     10 224364820980000001010202400000000005500000000 02A25092024110102024000000000000018000000000000000000000000000000000000000000000000000000                         1000   090000000000 
7560001300122Q 011000006694524838MARIA LUIZA ARDIZZONE ROSSI             RUA DOUTOR SOLON FERNANDES ,172         VILA ROSALIA   07072080      GUARULHOSSP0000000000000000                                        000                            
7560001300123R 01000000000000000000000000000000000000000000000000110102024000000000001100                                                                                                              0000000000000000 000000000000  0         
7560001300124S 013                                                                                                                                                                                                                              
7560001300125P 010563100000020064454 000028163601011     10 224083316710000001010202400000000001977500000 02A25092024110102024000000000000007000000000000000000000000000000000000000000000000000000                         1000   090000000000 
7560001300126Q 011000099343460872WANDERLEY JOSE RAMOS VENANCIO           RUA URBANO SANTOS ,530                  SITIO DOS BRITO07182320      GUARULHOSSP0000000000000000                                        000                            
7560001300127R 01000000000000000000000000000000000000000000000000110102024000000000000396                                                                                                              0000000000000000 000000000000  0         
7560001300128S 013                                                                                                                                                                                                                              
7560001300129P 010563100000020064454 000028164301011     10 224386521150000001010202400000000002100000000 02A25092024110102024000000000000007000000000000000000000000000000000000000000000000000000                         1000   090000000000 
7560001300130Q 011000082473277591ELISAMA NATIVIDADE DOS SANTOS SILVA     AVENIDA JACUPIRANGA ,90A                PARQUE JUREMA  07244170      GUARULHOSSP0000000000000000                                        000                            
7560001300131R 01000000000000000000000000000000000000000000000000110102024000000000000420                                                                                                              0000000000000000 000000000000  0         
7560001300132S 013                                                                                                                                                                                                                              
7560001300133P 010563100000020064454 000028165001011     10 224392821150000001010202400000000000750000000 02A25092024110102024000000000000002000000000000000000000000000000000000000000000000000000                         1000   090000000000 
7560001300134Q 011000082473277591ELISAMA NATIVIDADE DOS SANTOS SILVA     AVENIDA JACUPIRANGA ,90A                PARQUE JUREMA  07244170      GUARULHOSSP0000000000000000                                        000                            
7560001300135R 01000000000000000000000000000000000000000000000000110102024000000000000150                                                                                                              0000000000000000 000000000000  0         
7560001300136S 013                                                                                                                                                                                                                              
7560001300137P 010563100000020064454 000028166801011     10 224358842200000001010202400000000003337100000 02A25092024110102024000000000000011000000000000000000000000000000000000000000000000000000                         1000   090000000000 
7560001300138Q 011000053378733853PEDRO TAMOTSU HARA                      RUA ALIPIO DE SOUZA ,370                JARDIM DIVINOLA07133170      GUARULHOSSP0000000000000000                                        000                            
7560001300139R 01000000000000000000000000000000000000000000000000110102024000000000000667                                                                                                              0000000000000000 000000000000  0         
7560001300140S 013                                                                                                                                                                                                                              
7560001300141P 010563100000020064454 000028167501011     10 224158716900000001010202400000000002400000000 02A25092024110102024000000000000008000000000000000000000000000000000000000000000000000000                         1000   090000000000 
7560001300142Q 011000011874897867LUIZ ALEXANDRE PROFITTI                 RUA INDAIA ,200                         VILA PRUDENTE  03132125      SAO PAULOSP0000000000000000                                        000                            
7560001300143R 01000000000000000000000000000000000000000000000000110102024000000000000480                                                                                                              0000000000000000 000000000000  0         
7560001300144S 013                                                                                                                                                                                                                              
7560001300145P 010563100000020064454 000028168201011     10 224025418270000001010202400000000002547200000 02A25092024110102024000000000000008000000000000000000000000000000000000000000000000000000                         1000   090000000000 
7560001300146Q 011000039053153861SAMMYA M. DA S. SOUSA                   RUA SARGENTO DA AERONAUTICA ARIOVAL,404 CIDADE JARDIM C07181240      GUARULHOSSP0000000000000000                                        000                            
7560001300147R 01000000000000000000000000000000000000000000000000110102024000000000000509                                                                                                              0000000000000000 000000000000  0         
7560001300148S 013                                                                                                                                                                                                                              
7560001300149P 010563100000020064454 000028169001011     10 224286753700000001010202400000000005561800000 02A25092024110102024000000000000018000000000000000000000000000000000000000000000000000000                         1000   090000000000 
7560001300150Q 011000009017220813SUZI SANTOS MONIZ                       ALAMEDA RIBEIRAO PRETO ,111             BELA VISTA     01331001      SAO PAULOSP0000000000000000                                        000                            
7560001300151R 01000000000000000000000000000000000000000000000000110102024000000000001112                                                                                                              0000000000000000 000000000000  0         
7560001300152S 013                                                                                                                                                                                                                              
7560001300153P 010563100000020064454 000028170801011     10 224410221240000001010202400000000003670000000 02A25092024110102024000000000000012000000000000000000000000000000000000000000000000000000                         1000   090000000000 
7560001300154Q 011000032139645812TATIANA MATOS SILVA                     RUA BRASILIA DE MINAS ,168              CIDADE PARQUE A07242380      GUARULHOSSP0000000000000000                                        000                            
7560001300155R 01000000000000000000000000000000000000000000000000110102024000000000000734                                                                                                              0000000000000000 000000000000  0         
7560001300156S 013                                                                                                                                                                                                                              
7560001300157P 010563100000020064454 000028171501011     10 224411421240000001010202400000000003670000000 02A25092024110102024000000000000012000000000000000000000000000000000000000000000000000000                         1000   090000000000 
7560001300158Q 011000032139645812TATIANA MATOS SILVA                     RUA BRASILIA DE MINAS ,168              CIDADE PARQUE A07242380      GUARULHOSSP0000000000000000                                        000                            
7560001300159R 01000000000000000000000000000000000000000000000000110102024000000000000734                                                                                                              0000000000000000 000000000000  0         
7560001300160S 013                                                                                                                                                                                                                              
7560001300161P 010563100000020064454 000028172201011     10 224029018730000001010202400000000003180000000 02A25092024110102024000000000000010000000000000000000000000000000000000000000000000000000                         1000   090000000000 
7560001300162Q 011000032837190802THAIS CRISTINA DA COSTA GHIDELLI CAMPOS AVENIDA LAURO GOMES ,111                RUDGE RAMOS    09635010SAO BERNARDO DOSP0000000000000000                                        000                            
7560001300163R 01000000000000000000000000000000000000000000000000110102024000000000000636                                                                                                              0000000000000000 000000000000  0         
7560001300164S 013                                                                                                                                                                                                                              
7560001300165P 010563100000020064454 000028173001011     10 224091715140000001010202400000000002224700000 02A25092024110102024000000000000007000000000000000000000000000000000000000000000000000000                         1000   090000000000 
7560001300166Q 011000004913644823VALQUIRIA DE CASSIA NUNES SOARES        RUA RODOVALHO JUNIOR ,44                PENHA DE FRANCA03605000      SAO PAULOSP0000000000000000                                        000                            
7560001300167R 01000000000000000000000000000000000000000000000000110102024000000000000445                                                                                                              0000000000000000 000000000000  0         
7560001300168S 013                                                                                                                                                                                                                              
7560001300169P 010563100000020064454 000028174701011     10 224235920610000001010202400000000002600000000 02A25092024110102024000000000000009000000000000000000000000000000000000000000000000000000                         1000   090000000000 
7560001300170Q 011000029578120885JULIANA MARIA DE OLIVEIRA               RUA CARLOS MALHEIRO DIAS ,308           VILA PIRITUBA  05170040      SAO PAULOSP0000000000000000                                        000                            
7560001300171R 01000000000000000000000000000000000000000000000000110102024000000000000520                                                                                                              0000000000000000 000000000000  0         
7560001300172S 013                                                                                                                                                                                                                              
75600015         00004300004300000000001183991000000000000000000000000000000000000000000000000000000000000000000000                                                                                                                             
75699999         000001000043000000                                                                                                                                                                                                             