75600000         232970660000191                    0563100000020098014 EDUULMC CURSOS DE IDIOMAS EIRESICOOB                                  13107202413490200000108100000                                                                     
75600011R01  040 2032970660000191                    0563100000020098014 EDUULMC CURSOS DE IDIOMAS EIRE                                                                                000046723107202400000000                                 
7560001300001P 010563100000020098014 000027602701011     10 224111320080000001508202400000000001500000000 02A31072024115082024000000000000005000000000000000000000000000000000000000000000000000000                         1000   090000000000 
7560001300002Q 011000006158174670JOYCE ROBERTA LOPES DIAS                RUA BELMIRO BRAGA ,1145                 CAICARAS       30770550 BELO HORIZONTEMG0000000000000000                                        000                            
7560001300003R 01000000000000000000000000000000000000000000000000115082024000000000000300                                                                                                              0000000000000000 000000000000  0         
7560001300004S 013                                                                                                                                                                                                                              
7560001300005P 010563100000020098014 000027603401011     10 223871318090000001508202400000000003180000000 02A31072024115082024000000000000010000000000000000000000000000000000000000000000000000000                         1000   090000000000 
7560001300006Q 011000037432422818GABRIELA APARECIDA DE ANDRADE SILVA     AVENIDA JOAO BATISTA SANTIAGO ,220      PARQUE SANTA RI08150030      SAO PAULOSP0000000000000000                                        000                            
7560001300007R 01000000000000000000000000000000000000000000000000115082024000000000000636                                                                                                              0000000000000000 000000000000  0         
7560001300008S 013                                                                                                                                                                                                                              
7560001300009P 010563100000020098014 000027604101011     10 223935433100000001508202400000000008162000000 02A31072024115082024000000000000027000000000000000000000000000000000000000000000000000000                         1000   090000000000 
7560001300010Q 011000017129471840LISANDRA MARQUES ALISEDA SEDRANI        RUA DOS FRANCESES ,                     MORRO DOS INGLE01329010      SAO PAULOSP0000000000000000                                        000                            
7560001300011R 01000000000000000000000000000000000000000000000000115082024000000000001632                                                                                                              0000000000000000 000000000000  0         
7560001300012S 013                                                                                                                                                                                                                              
7560001300013P 010563100000020098014 000027605901011     10 224154918830000001508202400000000002406200000 02A31072024115082024000000000000008000000000000000000000000000000000000000000000000000000                         1000   090000000000 
7560001300014Q 011000042672802823NAYARA VIEIRA DA SILVA                  AVENIDA CARLOS FERREIRA ENDRES ,1205    VILA ENDRES    07041030      GUARULHOSSP0000000000000000                                        000                            
7560001300015R 01000000000000000000000000000000000000000000000000115082024000000000000481                                                                                                              0000000000000000 000000000000  0         
7560001300016S 013                                                                                                                                                                                                                              
7560001300017P 010563100000020098014 000027606601011     10 224285319350000001508202400000000003392000000 02A31072024115082024000000000000011000000000000000000000000000000000000000000000000000000                         1000   090000000000 
7560001300018Q 011000043096173877RAIAN CASSEMIRO                         ESTRADA SAO JUDAS ,190                  PARQUE ESPLANAD06817170     ADAMANTINASP0000000000000000                                        000                            
7560001300019R 01000000000000000000000000000000000000000000000000115082024000000000000678                                                                                                              0000000000000000 000000000000  0         
7560001300020S 013                                                                                                                                                                                                                              
7560001300021P 010563100000020098014 000027607301011     10 224130820180000001508202400000000003520000000 02A31072024115082024000000000000012000000000000000000000000000000000000000000000000000000                         1000   090000000000 
7560001300022Q 011000034347989865THAMIRES CARDOSO DE LOURENCO            RUA DOS VIANAS ,380                     BAETA NEVES    09760000SAO BERNARDO DOSP0000000000000000                                        000                            
7560001300023R 01000000000000000000000000000000000000000000000000115082024000000000000704                                                                                                              0000000000000000 000000000000  0         
7560001300024S 013                                                                                                                                                                                                                              
75600015         00000600000600000000000221602000000000000000000000000000000000000000000000000000000000000000000000                                                                                                                             
75699999         000001000006000000                                                                                                                                                                                                             