75600000         232970660000191                    0563100000020098014 EDUULMC CURSOS DE IDIOMAS EIRESICOOB                                  12606202414264000000108100000                                                                     
75600011R01  040 2032970660000191                    0563100000020098014 EDUULMC CURSOS DE IDIOMAS EIRE                                                                                000046212606202400000000                                 
7560001300001P 010563100000020098014 000027219401011     10 223899318330000001007202400000000003392000000 02A26062024110072024000000000000011000000000000000000000000000000000000000000000000000000                         1000   090000000000 
7560001300002Q 011000034222814873ADELE JANDIRA HAIDAR PERUCHE            RUA IUBATINGA ,14                       VILA ANDRADE   05716110      SAO PAULOSP0000000000000000                                        000                            
7560001300003R 01000000000000000000000000000000000000000000000000110072024000000000000678                                                                                                              0000000000000000 000000000000  0         
7560001300004S 013                                                                                                                                                                                                                              
7560001300005P 010563100000020098014 000027220201011     10 224140417030000001007202400000000002247200000 02A26062024110072024000000000000007000000000000000000000000000000000000000000000000000000                         1000   090000000000 
7560001300006Q 011000033280346843ANSELMO DA SILVA                        RUA SERRA ACARAI ,145                   JARDIM PAINEIRA08581070ITAQUAQUECETUBASP0000000000000000                                        000                            
7560001300007R 01000000000000000000000000000000000000000000000000110072024000000000000449                                                                                                              0000000000000000 000000000000  0         
7560001300008S 013                                                                                                                                                                                                                              
7560001300009P 010563100000020098014 000027221001011     10 224167320260000001007202400000000003520000000 02A26062024110072024000000000000012000000000000000000000000000000000000000000000000000000                         1000   090000000000 
7560001300010Q 011000026814121883 LAIS CRISTINA COIMBRA BENTES           RUA PELOTAS ,255                        VILA MARIANA   04012000      SAO PAULOSP0000000000000000                                        000                            
7560001300011R 01000000000000000000000000000000000000000000000000110072024000000000000704                                                                                                              0000000000000000 000000000000  0         
7560001300012S 013                                                                                                                                                                                                                              
7560001300013P 010563100000020098014 000027222701011     10 224061414950000001007202400000000001816800000 02A26062024110072024000000000000006000000000000000000000000000000000000000000000000000000                         1000   090000000000 
7560001300014Q 011000042109093862CELINA PEREIRA SANTIAGO                 RUA AURORA CONTIERI ,49                 SUMAREZINHO    05441060      SAO PAULOSP0000000000000000                                        000                            
7560001300015R 01000000000000000000000000000000000000000000000000110072024000000000000363                                                                                                              0000000000000000 000000000000  0         
7560001300016S 013                                                                                                                                                                                                                              
7560001300017P 010563100000020098014 000027223401011     10 224200315230000001007202400000000004325900000 02A26062024110072024000000000000014000000000000000000000000000000000000000000000000000000                         1000   090000000000 
7560001300018Q 011000017533829808CLEBER ANTONIO CHINELATO                RUA DOS FRANCESES ,498                  MORRO DOS INGLE01329010      SAO PAULOSP0000000000000000                                        000                            
7560001300019R 01000000000000000000000000000000000000000000000000110072024000000000000865                                                                                                              0000000000000000 000000000000  0         
7560001300020S 013                                                                                                                                                                                                                              
7560001300021P 010563100000020098014 000027224101011     10 224179420350000001007202400000000002100000000 02A26062024110072024000000000000007000000000000000000000000000000000000000000000000000000                         1000   090000000000 
7560001300022Q 011000014217408854RUTH PEREIRA FILHA SGROIA               RUA MIRO VETORAZZO ,200                 DEMARCHI       09820135SAO BERNARDO DOSP0000000000000000                                        000                            
7560001300023R 01000000000000000000000000000000000000000000000000110072024000000000000420                                                                                                              0000000000000000 000000000000  0         
7560001300024S 013                                                                                                                                                                                                                              
7560001300025P 010563100000020098014 000027225901011     10 224253720160000001007202400000000001500000000 02A26062024110072024000000000000005000000000000000000000000000000000000000000000000000000                         1000   090000000000 
7560001300026Q 011000007940140973GIOVANNI PONTAROLO JUNIOR               AVENIDA ANTONIO RODRIGUES TEIXEIRA ,133 JARDIM CARVALHO84015490   PONTA GROSSAPR0000000000000000                                        000                            
7560001300027R 01000000000000000000000000000000000000000000000000110072024000000000000300                                                                                                              0000000000000000 000000000000  0         
7560001300028S 013                                                                                                                                                                                                                              
7560001300029P 010563100000020098014 000027226601011     10 223775314830000001007202400000000001500000000 02A26062024110072024000000000000005000000000000000000000000000000000000000000000000000000                         1000   090000000000 
7560001300030Q 011000038686017835ISABELA GONCALVES CARDOSO DE SA         RUA AIMBERE ,1775 AP 72                 SUMARE         01258020      SAO PAULOSP0000000000000000                                        000                            
7560001300031R 01000000000000000000000000000000000000000000000000110072024000000000000300                                                                                                              0000000000000000 000000000000  0         
7560001300032S 013                                                                                                                                                                                                                              
7560001300033P 010563100000020098014 000027227301011     10 223998716150000001007202400000000002320300000 02A26062024110072024000000000000008000000000000000000000000000000000000000000000000000000                         1000   090000000000 
7560001300034Q 011000062795015072MARCELO MACHADO                         ESTRADA SAO FRANCISCO ,1900             PARQUE TABOAO  06765000TABOAO DA SERRASP0000000000000000                                        000                            
7560001300035R 01000000000000000000000000000000000000000000000000110072024000000000000464                                                                                                              0000000000000000 000000000000  0         
7560001300036S 013                                                                                                                                                                                                                              
7560001300037P 010563100000020098014 000027228001011     10 223845219570000001007202400000000001990000000 02A26062024110072024000000000000007000000000000000000000000000000000000000000000000000000                         1000   090000000000 
7560001300038Q 011000036406378873ALINE JENIFER BIM MONCAO                RUA TIRADENTES ,1837                    SANTA TEREZINHA09780265SAO BERNARDO DOSP0000000000000000                                        000                            
7560001300039R 01000000000000000000000000000000000000000000000000110072024000000000000398                                                                                                              0000000000000000 000000000000  0         
7560001300040S 013                                                                                                                                                                                                                              
7560001300041P 010563100000020098014 000027229801011     10 223934116040000001007202400000000003030400000 02A26062024110072024000000000000010000000000000000000000000000000000000000000000000000000                         1000   090000000000 
7560001300042Q 011000043285071842LETICIA DA SILVA SOBREIRA               RUA ROSALINA SCHULTZ ,176 B CASA        JARDIM BEATRIZ 06765010TABOAO DA SERRASP0000000000000000                                        000                            
7560001300043R 01000000000000000000000000000000000000000000000000110072024000000000000606                                                                                                              0000000000000000 000000000000  0         
7560001300044S 013                                                                                                                                                                                                                              
7560001300045P 010563100000020098014 000027230601011     10 224174520300000001007202400000000004455000000 02A26062024110072024000000000000015000000000000000000000000000000000000000000000000000000                         1000   090000000000 
7560001300046Q 011000011267673877LUCAS DA COSTA                          RUA ALEXANDRE CHEID ,52                 PARQUE SAVOY CI03570100      SAO PAULOSP0000000000000000                                        000                            
7560001300047R 01000000000000000000000000000000000000000000000000110072024000000000000891                                                                                                              0000000000000000 000000000000  0         
7560001300048S 013                                                                                                                                                                                                                              
7560001300049P 010563100000020098014 000027231301011     10 224212372500000001007202400000000001853900000 02A26062024110072024000000000000006000000000000000000000000000000000000000000000000000000                         1000   090000000000 
7560001300050Q 011000003567487825NABOR ALVES MONTEIRO                    RUA SOLDADO GENESIO VALENTIM CORREA,37  VILA YAYA      07060023      GUARULHOSSP0000000000000000                                        000                            
7560001300051R 01000000000000000000000000000000000000000000000000110072024000000000000371                                                                                                              0000000000000000 000000000000  0         
7560001300052S 013                                                                                                                                                                                                                              
7560001300053P 010563100000020098014 000027232001011     10 224084242300000001007202400000000002842700000 02A26062024110072024000000000000009000000000000000000000000000000000000000000000000000000                         1000   090000000000 
7560001300054Q 011000011279917792PETRIC RIOS BASTOS                      AVENIDA OTAVIANO ALVES DE LIMA ,3600    JARDIM DAS GRAC02701000      SAO PAULOSP0000000000000000                                        000                            
7560001300055R 01000000000000000000000000000000000000000000000000110072024000000000000569                                                                                                              0000000000000000 000000000000  0         
7560001300056S 013                                                                                                                                                                                                                              
7560001300057P 010563100000020098014 000027233801011     10 224165820240000001007202400000000003200000000 02A26062024110072024000000000000011000000000000000000000000000000000000000000000000000000                         1000   090000000000 
7560001300058Q 011000008992109610SUELY GONCALVES DA SILVA                RUA MANOEL AMARAL ,27 9981164           CENTRO         09910000        DIADEMASP0000000000000000                                        000                            
7560001300059R 01000000000000000000000000000000000000000000000000110072024000000000000640                                                                                                              0000000000000000 000000000000  0         
7560001300060S 013                                                                                                                                                                                                                              
7560001300061P 010563100000020098014 000027234501011     10 223830215690000001007202400000000003264800000 02A26062024110072024000000000000011000000000000000000000000000000000000000000000000000000                         1000   090000000000 
7560001300062Q 011000039367899831TAINA CABRAL SEIJAS                     AVENIDA DOM JAIME DE BARROS CAMARA ,885 PLANALTO       09895400SAO BERNARDO DOSP0000000000000000                                        000                            
7560001300063R 01000000000000000000000000000000000000000000000000110072024000000000000653                                                                                                              0000000000000000 000000000000  0         
7560001300064S 013                                                                                                                                                                                                                              
7560001300065P 010563100000020098014 000027235201011     10 224214717380000001007202400000000001651700000 02A26062024110072024000000000000005000000000000000000000000000000000000000000000000000000                         1000   090000000000 
7560001300066Q 011000050020255870VITOR ANTUNES PEREIRA                   RUA DOM SALOMAO FERRAZ ,80              VILA ANDRADE   05729140      SAO PAULOSP0000000000000000                                        000                            
7560001300067R 01000000000000000000000000000000000000000000000000110072024000000000000330                                                                                                              0000000000000000 000000000000  0         
7560001300068S 013                                                                                                                                                                                                                              
75600015         00001700001700000000000450107000000000000000000000000000000000000000000000000000000000000000000000                                                                                                                             
75699999         000001000017000000                                                                                                                                                                                                             