75600000         219895217000135                    0563100000020064454 IWS CURSOS DE IDIOMAS LTDA    SICOOB                                  12301202513365300000108100000                                                                     
75600011R01  040 2019895217000135                    0563100000020064454 IWS CURSOS DE IDIOMAS LTDA                                                                                    000048742301202500000000                                 
7560001300001P 010563100000020064454 000029375701011     10 224620621690000002501202500000000002470000000 02A23012025125012025000000000000008000000000000000000000000000000000000000000000000000000                         1000   090000000000 
7560001300002Q 011000000000000000                                         ,                                                     00000000                 0000000000000000                                        000                            
7560001300003R 01000000000000000000000000000000000000000000000000125012025000000000000494                                                                                                              0000000000000000 000000000000  0         
7560001300004S 013                                                                                                                                                                                                                              
7560001300005P 010563100000020064454 000029376401011     10 224619483100000002501202500000000006000000000 02A23012025125012025000000000000020000000000000000000000000000000000000000000000000000000                         1000   090000000000 
7560001300006Q 011000024713565830ROGERIO DE OLIVEIRA MENDES              RUA DO BIXIGA ,68                       BELA VISTA     01315020      SAO PAULOSP0000000000000000                                        000                            
7560001300007R 01000000000000000000000000000000000000000000000000125012025000000000001200                                                                                                              0000000000000000 000000000000  0         
7560001300008S 013                                                                                                                                                                                                                              
75600015         00000200000200000000000084700000000000000000000000000000000000000000000000000000000000000000000000                                                                                                                             
75699999         000001000002000000                                                                                                                                                                                                             