75600000         219895217000135                    0563100000020064454 IWS CURSOS DE IDIOMAS LTDA    SICOOB                                  10508202416180200000108100000                                                                     
75600011R01  040 2019895217000135                    0563100000020064454 IWS CURSOS DE IDIOMAS LTDA                                                                                    000046790508202400000000                                 
7560001300001P 010563100000020064454 000027622401011     10 224354813880000000608202400000000004500000000 02A05082024106082024000000000000015000000000000000000000000000000000000000000000000000000                         1000   090000000000 
7560001300002Q 011000027156202847DEBORA FERREIRA TRINDADE                RUA TERCEIRO-SARGENTO-AERONA,80 APT 216 JARDIM SANTA ME07096240      GUARULHOSSP0000000000000000                                        000                            
7560001300003R 01000000000000000000000000000000000000000000000000106082024000000000000900                                                                                                              0000000000000000 000000000000  0         
7560001300004S 013                                                                                                                                                                                                                              
75600015         00000100000100000000000045000000000000000000000000000000000000000000000000000000000000000000000000                                                                                                                             
75699999         000001000001000000                                                                                                                                                                                                             