75600000         232970660000191                    0563100000020098014 EDUULMC CURSOS DE IDIOMAS EIRESICOOB                                  10302202514222500000108100000                                                                     
75600011R01  040 2032970660000191                    0563100000020098014 EDUULMC CURSOS DE IDIOMAS EIRE                                                                                000048890302202500000000                                 
7560001300001P 010563100000020098014 000029514101011     10 224623815940000001502202500000000004501200000 02A03022025115022025000000000000015000000000000000000000000000000000000000000000000000000                         1000   090000000000 
7560001300002Q 011000052266186892AMANDA RIBEIRO ALVES                    EST S FRANCISCO ,2701                   JD HENRIQUETA  06765000TABOAO DA SERRASP0000000000000000                                        000                            
7560001300003R 01000000000000000000000000000000000000000000000000115022025000000000000900                                                                                                              0000000000000000 000000000000  0         
7560001300004S 013                                                                                                                                                                                                                              
7560001300005P 010563100000020098014 000029515901011     10 224607721610000001502202500000000002830000000 02A03022025115022025000000000000009000000000000000000000000000000000000000000000000000000                         1000   090000000000 
7560001300006Q 011000027585533845PAULA CELIA DE SOUZA CICOTE             RUA DOUTOR CLEMENTE FERREIRA ,144       MADRE PAULINA  13324404   SALTO GRANDESP0000000000000000                                        000                            
7560001300007R 01000000000000000000000000000000000000000000000000115022025000000000000566                                                                                                              0000000000000000 000000000000  0         
7560001300008S 013                                                                                                                                                                                                                              
7560001300009P 010563100000020098014 000029516601011     10 224423618090000001502202500000000003370800000 02A03022025115022025000000000000011000000000000000000000000000000000000000000000000000000                         1000   090000000000 
7560001300010Q 011000037432422818GABRIELA APARECIDA DE ANDRADE SILVA     AVENIDA JOAO BATISTA SANTIAGO ,220      PARQUE SANTA RI08150030      SAO PAULOSP0000000000000000                                        000                            
7560001300011R 01000000000000000000000000000000000000000000000000115022025000000000000674                                                                                                              0000000000000000 000000000000  0         
7560001300012S 013                                                                                                                                                                                                                              
7560001300013P 010563100000020098014 000029517301011     10 224502233100000001502202500000000008651700000 02A03022025115022025000000000000029000000000000000000000000000000000000000000000000000000                         1000   090000000000 
7560001300014Q 011000017129471840LISANDRA MARQUES ALISEDA SEDRANI        RUA DOS FRANCESES ,                     MORRO DOS INGLE01329010      SAO PAULOSP0000000000000000                                        000                            
7560001300015R 01000000000000000000000000000000000000000000000000115022025000000000001730                                                                                                              0000000000000000 000000000000  0         
7560001300016S 013                                                                                                                                                                                                                              
7560001300017P 010563100000020098014 000029518001011     10 224155518830000001502202500000000002406200000 02A03022025115022025000000000000008000000000000000000000000000000000000000000000000000000                         1000   090000000000 
7560001300018Q 011000042672802823NAYARA VIEIRA DA SILVA                  AVENIDA CARLOS FERREIRA ENDRES ,1205    VILA ENDRES    07041030      GUARULHOSSP0000000000000000                                        000                            
7560001300019R 01000000000000000000000000000000000000000000000000115022025000000000000481                                                                                                              0000000000000000 000000000000  0         
7560001300020S 013                                                                                                                                                                                                                              
7560001300021P 010563100000020098014 000029519801011     10 224285919350000001502202500000000003392000000 02A03022025115022025000000000000011000000000000000000000000000000000000000000000000000000                         1000   090000000000 
7560001300022Q 011000043096173877RAIAN CASSEMIRO                         ESTRADA SAO JUDAS ,190                  PARQUE ESPLANAD06817170     ADAMANTINASP0000000000000000                                        000                            
7560001300023R 01000000000000000000000000000000000000000000000000115022025000000000000678                                                                                                              0000000000000000 000000000000  0         
7560001300024S 013                                                                                                                                                                                                                              
7560001300025P 010563100000020098014 000029520601011     10 224618121680000001502202500000000001500000000 02A03022025115022025000000000000005000000000000000000000000000000000000000000000000000000                         1000   090000000000 
7560001300026Q 011000014077072484TAYLLANE BARBOSA SANTOS                 RUA JOAO VENTURA DA SILVA ,248          ZELIA BARBOSA R57305821      ARAPIRACAAL0000000000000000                                        000                            
7560001300027R 01000000000000000000000000000000000000000000000000115022025000000000000300                                                                                                              0000000000000000 000000000000  0         
7560001300028S 013                                                                                                                                                                                                                              
7560001300029P 010563100000020098014 000029521301011     10 224430121340000001502202500000000002832000000 02A03022025115022025000000000000009000000000000000000000000000000000000000000000000000000                         1000   090000000000 
7560001300030Q 011000036630642805VITOR SANT ANNA MOREIRA                 CONDOMINIO JARDIM DOS GERANIOS ,154     JARDIM DOS GERA14022300 RIBEIRAO PRETOSP0000000000000000                                        000                            
7560001300031R 01000000000000000000000000000000000000000000000000115022025000000000000566                                                                                                              0000000000000000 000000000000  0         
7560001300032S 013                                                                                                                                                                                                                              
75600015         00000800000800000000000294839000000000000000000000000000000000000000000000000000000000000000000000                                                                                                                             
75699999         000001000008000000                                                                                                                                                                                                             