75600000         219895217000135                    0563100000020064454 IWS CURSOS DE IDIOMAS LTDA    SICOOB                                  12310202413213700000108100000                                                                     
75600011R01  040 2019895217000135                    0563100000020064454 IWS CURSOS DE IDIOMAS LTDA                                                                                    000047902310202400000000                                 
7560001300001P 010563100000020064454 000028486001011     10 224309114310000001011202400000000004325900000 02A23102024110112024000000000000014000000000000000000000000000000000000000000000000000000                         1000   090000000000 
7560001300002Q 011000017612949890ELISABETH NOGUEIRA MARTINS              RUA DOS FRANCESES ,498                  MORRO DOS INGLE01329010      SAO PAULOSP0000000000000000                                        000                            
7560001300003R 01000000000000000000000000000000000000000000000000110112024000000000000865                                                                                                              0000000000000000 000000000000  0         
7560001300004S 013                                                                                                                                                                                                                              
7560001300005P 010563100000020064454 000028487801011     10 224265214000000001011202400000000002809000000 02A23102024110112024000000000000009000000000000000000000000000000000000000000000000000000                         1000   090000000000 
7560001300006Q 011000048087608860BIANCA OLIVEIRA SILVA                   ALAMEDA JOAQUIM EUGENIO DE LIMA ,130    JARDIM PAULISTA01403000      SAO PAULOSP0000000000000000                                        000                            
7560001300007R 01000000000000000000000000000000000000000000000000110112024000000000000562                                                                                                              0000000000000000 000000000000  0         
7560001300008S 013                                                                                                                                                                                                                              
7560001300009P 010563100000020064454 000028488501011     10 223970313410000001011202400000000004081000000 02A23102024110112024000000000000013000000000000000000000000000000000000000000000000000000                         1000   090000000000 
7560001300010Q 011000017533829808CLEBER ANTONIO CHINELATO                RUA DOS FRANCESES ,498                  MORRO DOS INGLE01329010      SAO PAULOSP0000000000000000                                        000                            
7560001300011R 01000000000000000000000000000000000000000000000000110112024000000000000816                                                                                                              0000000000000000 000000000000  0         
7560001300012S 013                                                                                                                                                                                                                              
7560001300013P 010563100000020064454 000028489201011     10 223904584000000000511202400000000002332000000 02A23102024105112024000000000000008000000000000000000000000000000000000000000000000000000                         1000   090000000000 
7560001300014Q 011000015257641879CARLOS ALEXANDRE RIBEIRINHO             AVENIDA DO GUACA ,859                   LAUZANE PAULIST02435001      SAO PAULOSP0000000000000000                                        000                            
7560001300015R 01000000000000000000000000000000000000000000000000105112024000000000000466                                                                                                              0000000000000000 000000000000  0         
7560001300016S 013                                                                                                                                                                                                                              
7560001300017P 010563100000020064454 000028490001011     10 223972713440000001011202400000000003672900000 02A23102024110112024000000000000012000000000000000000000000000000000000000000000000000000                         1000   090000000000 
7560001300018Q 011000017533829808CLEBER ANTONIO CHINELATO                RUA DOS FRANCESES ,498                  MORRO DOS INGLE01329010      SAO PAULOSP0000000000000000                                        000                            
7560001300019R 01000000000000000000000000000000000000000000000000110112024000000000000735                                                                                                              0000000000000000 000000000000  0         
7560001300020S 013                                                                                                                                                                                                                              
7560001300021P 010563100000020064454 000028491801011     10 224145669400000000511202400000000003815400000 02A23102024105112024000000000000013000000000000000000000000000000000000000000000000000000                         1000   090000000000 
7560001300022Q 011000036768656856CINTIA DEZASSO QUINI                    RUA ALMIRANTE MARQUES LEAO ,            BELA VISTA     01330010      SAO PAULOSP0000000000000000                                        000                            
7560001300023R 01000000000000000000000000000000000000000000000000105112024000000000000763                                                                                                              0000000000000000 000000000000  0         
7560001300024S 013                                                                                                                                                                                                                              
7560001300025P 010563100000020064454 000028492501011     10 224063012800000001011202400000000003090500000 02A23102024110112024000000000000010000000000000000000000000000000000000000000000000000000                         1000   090000000000 
7560001300026Q 011000098638726287DAN SHINKAI                             RUA CARMO DO RIO CLARO ,618             CAMBUCI        01541060      SAO PAULOSP0000000000000000                                        000                            
7560001300027R 01000000000000000000000000000000000000000000000000110112024000000000000618                                                                                                              0000000000000000 000000000000  0         
7560001300028S 013                                                                                                                                                                                                                              
7560001300029P 010563100000020064454 000028493201011     10 224316314130000000511202400000000003088600000 02A23102024105112024000000000000010000000000000000000000000000000000000000000000000000000                         1000   090000000000 
7560001300030Q 011000010760816654LAURA CRISTINA LIMA DINIZ               RUA ANTONIO DE BONIS ,273               VILA BUTANTA   05360210      SAO PAULOSP0000000000000000                                        000                            
7560001300031R 01000000000000000000000000000000000000000000000000105112024000000000000618                                                                                                              0000000000000000 000000000000  0         
7560001300032S 013                                                                                                                                                                                                                              
7560001300033P 010563100000020064454 000028494001011     10 224245415320000000511202400000000003710000000 02A23102024105112024000000000000012000000000000000000000000000000000000000000000000000000                         1000   090000000000 
7560001300034Q 011000015257641879CARLOS ALEXANDRE RIBEIRINHO             AVENIDA DO GUACA ,                      LAUZANE PAULIST02435001      SAO PAULOSP0000000000000000                                        000                            
7560001300035R 01000000000000000000000000000000000000000000000000105112024000000000000742                                                                                                              0000000000000000 000000000000  0         
7560001300036S 013                                                                                                                                                                                                                              
75600015         00000900000900000000000309253000000000000000000000000000000000000000000000000000000000000000000000                                                                                                                             
75699999         000001000009000000                                                                                                                                                                                                             