75600000         232970660000191                    0563100000020098014 EDUULMC CURSOS DE IDIOMAS EIRESICOOB                                  10810202410275400000108100000                                                                     
75600011R01  040 2032970660000191                    0563100000020098014 EDUULMC CURSOS DE IDIOMAS EIRE                                                                                000047750810202400000000                                 
7560001300001P 010563100000020098014 000028360801011     10 223894719670000002510202400000000001780000000 02A08102024125102024000000000000006000000000000000000000000000000000000000000000000000000                         1000   090000000000 
7560001300002Q 011000042973398894ANNA JULIA DE PAULA ABREU               RUA SERRA DE BRAGANCA ,855              VILA GOMES CARD03318000      SAO PAULOSP0000000000000000                                        000                            
7560001300003R 01000000000000000000000000000000000000000000000000125102024000000000000356                                                                                                              0000000000000000 000000000000  0         
7560001300004S 013                                                                                                                                                                                                                              
7560001300005P 010563100000020098014 000028361501011     10 224355214490000002510202400000000006889000000 02A08102024125102024000000000000023000000000000000000000000000000000000000000000000000000                         1000   090000000000 
7560001300006Q 011000047364370811BARBARA PINTO PEINADOR GARCIA           RUA NAGIB IZAR ,357 (CASA)              JARDIM ANALIA F03337070      SAO PAULOSP0000000000000000                                        000                            
7560001300007R 01000000000000000000000000000000000000000000000000125102024000000000001378                                                                                                              0000000000000000 000000000000  0         
7560001300008S 013                                                                                                                                                                                                                              
7560001300009P 010563100000020098014 000028362201011     10 224263919480000002510202400000000001000000000 02A08102024125102024000000000000003000000000000000000000000000000000000000000000000000000                         1000   090000000000 
7560001300010Q 011000033390590803MICHEL FERNANDES RAMOS                  RUA FLORIANOPOLIS ,122                  VILA SUMARE    19405156PRESIDENTE VENCSP0000000000000000                                        000                            
7560001300011R 01000000000000000000000000000000000000000000000000125102024000000000000200                                                                                                              0000000000000000 000000000000  0         
7560001300012S 013                                                                                                                                                                                                                              
7560001300013P 010563100000020098014 000028363001011     10 223847918040000002010202400000000007123200000 02A08102024120102024000000000000024000000000000000000000000000000000000000000000000000000                         1000   090000000000 
7560001300014Q 011000027111775805CARLOS JOSE  FERREIRA DA COSTA          ALAMEDA JOAQUIM EUGENIO DE LIMA ,286    JARDIM PAULISTA01403000      SAO PAULOSP0000000000000000                                        000                            
7560001300015R 01000000000000000000000000000000000000000000000000120102024000000000001425                                                                                                              0000000000000000 000000000000  0         
7560001300016S 013                                                                                                                                                                                                                              
7560001300017P 010563100000020098014 000028364701011     10 223909215840000002010202400000000002320300000 02A08102024120102024000000000000008000000000000000000000000000000000000000000000000000000                         1000   090000000000 
7560001300018Q 011000043877622844DANIELLE AQUINO GASPAR                  RUA WALDEMAR DE PAULA FERREIRA ,331     JARDIM PRESIDEN07172010      GUARULHOSSP0000000000000000                                        000                            
7560001300019R 01000000000000000000000000000000000000000000000000120102024000000000000464                                                                                                              0000000000000000 000000000000  0         
7560001300020S 013                                                                                                                                                                                                                              
7560001300021P 010563100000020098014 000028365401011     10 224066516630000002010202400000000002500000000 02A08102024120102024000000000000008000000000000000000000000000000000000000000000000000000                         1000   090000000000 
7560001300022Q 011000029424248857ELIEZER QUEIROZ JUNIOR                  AVENIDA BRIGADEIRO FARIA LIMA ,1451     COCAIA         07130000      GUARULHOSSP0000000000000000                                        000                            
7560001300023R 01000000000000000000000000000000000000000000000000120102024000000000000500                                                                                                              0000000000000000 000000000000  0         
7560001300024S 013                                                                                                                                                                                                                              
7560001300025P 010563100000020098014 000028366101011     10 224239317560000002010202400000000002471900000 02A08102024120102024000000000000008000000000000000000000000000000000000000000000000000000                         1000   090000000000 
7560001300026Q 011000043947232802FELLIPE FONSECA                         RUA ANA ALVES MAGRINI ,94               CITY RIBEIRAO  14021207 RIBEIRAO PRETOSP0000000000000000                                        000                            
7560001300027R 01000000000000000000000000000000000000000000000000120102024000000000000494                                                                                                              0000000000000000 000000000000  0         
7560001300028S 013                                                                                                                                                                                                                              
7560001300029P 010563100000020098014 000028367901011     10 224230420550000002510202400000000007000000000 02A08102024125102024000000000000023000000000000000000000000000000000000000000000000000000                         1000   090000000000 
7560001300030Q 011000023105369899PABLO ALBERTO ALBANO                    RUA DOS DEMOCRATAS ,691                 VILA MONTE ALEG04305000      SAO PAULOSP0000000000000000                                        000                            
7560001300031R 01000000000000000000000000000000000000000000000000125102024000000000001400                                                                                                              0000000000000000 000000000000  0         
7560001300032S 013                                                                                                                                                                                                                              
7560001300033P 010563100000020098014 000028368601011     10 223920014980000002510202400000000002915000000 02A08102024125102024000000000000010000000000000000000000000000000000000000000000000000000                         1000   090000000000 
7560001300034Q 011000027893285877ANA PAULA HAMMERMEISTER GIMENES         RUA JOSE DIAS ,100                      ESTANCIA DAS FL13919260     JAGUARIUNASP0000000000000000                                        000                            
7560001300035R 01000000000000000000000000000000000000000000000000125102024000000000000583                                                                                                              0000000000000000 000000000000  0         
7560001300036S 013                                                                                                                                                                                                                              
7560001300037P 010563100000020098014 000028369301011     10 223922429300000002010202400000000006529600000 02A08102024120102024000000000000022000000000000000000000000000000000000000000000000000000                         1000   090000000000 
7560001300038Q 011000003696482854NADIR FRANCISCO DO AMARAL               RUA DOS FRANCESES ,                     MORRO DOS INGLE01329010      SAO PAULOSP0000000000000000                                        000                            
7560001300039R 01000000000000000000000000000000000000000000000000120102024000000000001306                                                                                                              0000000000000000 000000000000  0         
7560001300040S 013                                                                                                                                                                                                                              
7560001300041P 010563100000020098014 000028370101011     10 224283115460000002010202400000000002719100000 02A08102024120102024000000000000009000000000000000000000000000000000000000000000000000000                         1000   090000000000 
7560001300042Q 011000052300786850LUIS ROBERTO OLIVEIRA                   RUA PROFESSOR WLADEMIR PEREIRA ,230     VILA SAO SILVES05386360      SAO PAULOSP0000000000000000                                        000                            
7560001300043R 01000000000000000000000000000000000000000000000000120102024000000000000544                                                                                                              0000000000000000 000000000000  0         
7560001300044S 013                                                                                                                                                                                                                              
7560001300045P 010563100000020098014 000028371901011     10 224405521180000002510202400000000002830200000 02A08102024125102024000000000000009000000000000000000000000000000000000000000000000000000                         1000   090000000000 
7560001300046Q 011000022651413801RAQUEL VIEIRA FONTES                    RUA TIBERIO PEDRESCHI ,126              PLANALTO       09890450SAO BERNARDO DOSP0000000000000000                                        000                            
7560001300047R 01000000000000000000000000000000000000000000000000125102024000000000000566                                                                                                              0000000000000000 000000000000  0         
7560001300048S 013                                                                                                                                                                                                                              
7560001300049P 010563100000020098014 000028372601011     10 224406721180000002510202400000000000300000000 02A08102024125102024000000000000001000000000000000000000000000000000000000000000000000000                         1000   090000000000 
7560001300050Q 011000022651413801RAQUEL VIEIRA FONTES                    RUA TIBERIO PEDRESCHI ,126              PLANALTO       09890450SAO BERNARDO DOSP0000000000000000                                        000                            
7560001300051R 01000000000000000000000000000000000000000000000000125102024000000000000060                                                                                                              0000000000000000 000000000000  0         
7560001300052S 013                                                                                                                                                                                                                              
7560001300053P 010563100000020098014 000028373301011     10 224020618410000002810202400000000002405700000 02A08102024128102024000000000000008000000000000000000000000000000000000000000000000000000                         1000   090000000000 
7560001300054Q 011000043322125840PIETRA MARTINS DA SILVA                 RUA DOUTOR EDILBERTO LUIS PEREIRA D,990 CIDADE UNIVERSI13083190       CAMPINASSP0000000000000000                                        000                            
7560001300055R 01000000000000000000000000000000000000000000000000128102024000000000000481                                                                                                              0000000000000000 000000000000  0         
7560001300056S 013                                                                                                                                                                                                                              
7560001300057P 010563100000020098014 000028374001011     10 224117820110000002010202400000000006550000000 02A08102024120102024000000000000022000000000000000000000000000000000000000000000000000000                         1000   090000000000 
7560001300058Q 011000028341411857TATIANA CRISTINA CARNEIRO VITORIANO     RUA EMILIANA ROSA DE ASSUNCAO ,108      VILA BUENOS AIR03627020      SAO PAULOSP0000000000000000                                        000                            
7560001300059R 01000000000000000000000000000000000000000000000000120102024000000000001310                                                                                                              0000000000000000 000000000000  0         
7560001300060S 013                                                                                                                                                                                                                              
75600015         00001500001500000000000553340000000000000000000000000000000000000000000000000000000000000000000000                                                                                                                             
75699999         000001000015000000                                                                                                                                                                                                             