75600000         229492820000120                    0563100000020087306 ANEXA IDIOMAS LTDA            SICOOB                                  12701202515534800000108100000                                                                     
75600011R01  040 2029492820000120                    0563100000020087306 ANEXA IDIOMAS LTDA                                                                                            000048782701202500000000                                 
7560001300001P 010563100000020087306 000029416101011     10 224196220450000001002202500000000002220000000 02A27012025110022025000000000000007000000000000000000000000000000000000000000000000000000                         1000   090000000000 
7560001300002Q 011000033025700823SHIRLEI BATISTA MORILLO                 RUA CAPITAO OLEGARIO TEIXEIRA DA C,117  PLANALTO       09895690SAO BERNARDO DOSP0000000000000000                                        000                            
7560001300003R 01000000000000000000000000000000000000000000000000110022025000000000000444                                                                                                              0000000000000000 000000000000  0         
7560001300004S 013                                                                                                                                                                                                                              
7560001300005P 010563100000020087306 000029417901011     10 224190920410000001002202500000000002288000000 02A27012025110022025000000000000008000000000000000000000000000000000000000000000000000000                         1000   090000000000 
7560001300006Q 011000082872864849AIDE BRITO DE DEUS OLIVEIRA             AVENIDA DOM JAIME DE BARROS CAMARA ,825 PLANALTO       09895400SAO BERNARDO DOSP0000000000000000                                        000                            
7560001300007R 01000000000000000000000000000000000000000000000000110022025000000000000458                                                                                                              0000000000000000 000000000000  0         
7560001300008S 013                                                                                                                                                                                                                              
7560001300009P 010563100000020087306 000029418601011     10 224469818290000001002202500000000002236000000 02A27012025110022025000000000000007000000000000000000000000000000000000000000000000000000                         1000   090000000000 
7560001300010Q 011000010645957828ROSANA BOSON CONCEICAO MACEDO           AVENIDA DOM JAIME DE BARROS CAMARA ,675 PLANALTO       09895400SAO BERNARDO DOSP0000000000000000                                        000                            
7560001300011R 01000000000000000000000000000000000000000000000000110022025000000000000447                                                                                                              0000000000000000 000000000000  0         
7560001300012S 013                                                                                                                                                                                                                              
7560001300013P 010563100000020087306 000029419301011     10 223964618920000001002202500000000001897400000 02A27012025110022025000000000000006000000000000000000000000000000000000000000000000000000                         1000   090000000000 
7560001300014Q 011000026577600821ANA PAULA PEREIRA DA SILVA              AV DOM JAIME DE BARROS CAMAR,885   ,885 PLANALTO       09895400SAO BERNARDO DOSP0000000000000000                                        000                            
7560001300015R 01000000000000000000000000000000000000000000000000110022025000000000000379                                                                                                              0000000000000000 000000000000  0         
7560001300016S 013                                                                                                                                                                                                                              
7560001300017P 010563100000020087306 000029420101011     10 224198617260000001002202500000000002011200000 02A27012025110022025000000000000007000000000000000000000000000000000000000000000000000000                         1000   090000000000 
7560001300018Q 011000020533601860LUCIANA CARVALHO                        AVENIDA DOM JAIME DE BARROS CAMARA ,675 PLANALTO       09895400SAO BERNARDO DOSP0000000000000000                                        000                            
7560001300019R 01000000000000000000000000000000000000000000000000110022025000000000000402                                                                                                              0000000000000000 000000000000  0         
7560001300020S 013                                                                                                                                                                                                                              
7560001300021P 010563100000020087306 000029421901011     10 224192220420000001002202500000000002288000000 02A27012025110022025000000000000008000000000000000000000000000000000000000000000000000000                         1000   090000000000 
7560001300022Q 011000041101415835CAROLINE BRITO DE DEUS OLIVEIRA         AVENIDA DOM JAIME DE BARROS CAMARA ,825 PLANALTO       09895400SAO BERNARDO DOSP0000000000000000                                        000                            
7560001300023R 01000000000000000000000000000000000000000000000000110022025000000000000458                                                                                                              0000000000000000 000000000000  0         
7560001300024S 013                                                                                                                                                                                                                              
7560001300025P 010563100000020087306 000029422601011     10 224065719060000001002202500000000002837600000 02A27012025110022025000000000000009000000000000000000000000000000000000000000000000000000                         1000   090000000000 
7560001300026Q 011000044197827814EDUARDO ARENS BENI                      ALAMEDA MINISTRO ROCHA AZEVEDO ,495     CERQUEIRA CESAR01410001      SAO PAULOSP0000000000000000                                        000                            
7560001300027R 01000000000000000000000000000000000000000000000000110022025000000000000568                                                                                                              0000000000000000 000000000000  0         
7560001300028S 013                                                                                                                                                                                                                              
7560001300029P 010563100000020087306 000029423301011     10 224487819900000001002202500000000002332000000 02A27012025110022025000000000000008000000000000000000000000000000000000000000000000000000                         1000   090000000000 
7560001300030Q 011000034614329896MANOEL J NETO                           AVENIDA DOM JAIME DE BARROS CAMARA ,357 PLANALTO       09895400SAO BERNARDO DOSP0000000000000000                                        000                            
7560001300031R 01000000000000000000000000000000000000000000000000110022025000000000000466                                                                                                              0000000000000000 000000000000  0         
7560001300032S 013                                                                                                                                                                                                                              
7560001300033P 010563100000020087306 000029424001011     10 224276311300000001002202500000000004325900000 02A27012025110022025000000000000014000000000000000000000000000000000000000000000000000000                         1000   090000000000 
7560001300034Q 011000027109212866ALESSANDRA DOURADO MELO                 RUA DAS GARCAS ,339                     INDEPENDENCIA  09861020SAO BERNARDO DOSP0000000000000000                                        000                            
7560001300035R 01000000000000000000000000000000000000000000000000110022025000000000000865                                                                                                              0000000000000000 000000000000  0         
7560001300036S 013                                                                                                                                                                                                                              
7560001300037P 010563100000020087306 000029425801011     10 224501016220000001002202500000000003151700000 02A27012025110022025000000000000010000000000000000000000000000000000000000000000000000000                         1000   090000000000 
7560001300038Q 011000036877483839LARISSA BARBOZA                         RUA JOSE ATALIBA ORTIZ ,999             VILA MANGALOT  05131000      SAO PAULOSP0000000000000000                                        000                            
7560001300039R 01000000000000000000000000000000000000000000000000110022025000000000000630                                                                                                              0000000000000000 000000000000  0         
7560001300040S 013                                                                                                                                                                                                                              
7560001300041P 010563100000020087306 000029426501011     10 224441915900000001002202500000000002670000000 02A27012025110022025000000000000009000000000000000000000000000000000000000000000000000000                         1000   090000000000 
7560001300042Q 011000044355857824LEANDRO DA PAZ PEDRO                    RUA CICLADES ,100                       JARDIM GUARUJA 05876040      SAO PAULOSP0000000000000000                                        000                            
7560001300043R 01000000000000000000000000000000000000000000000000110022025000000000000534                                                                                                              0000000000000000 000000000000  0         
7560001300044S 013                                                                                                                                                                                                                              
7560001300045P 010563100000020087306 000029427201011     10 224082513910000001002202500000000006067400000 02A27012025110022025000000000000020000000000000000000000000000000000000000000000000000000                         1000   090000000000 
7560001300046Q 011000035044873802LUCAS DA PAZ PEDRO                      AVENIDA JOSE DINI ,400                  CHACARA AGRINDU06763015TABOAO DA SERRASP0000000000000000                                        000                            
7560001300047R 01000000000000000000000000000000000000000000000000110022025000000000001213                                                                                                              0000000000000000 000000000000  0         
7560001300048S 013                                                                                                                                                                                                                              
7560001300049P 010563100000020087306 000029428001011     10 224037319790000001002202500000000002220000000 02A27012025110022025000000000000007000000000000000000000000000000000000000000000000000000                         1000   090000000000 
7560001300050Q 011000031691253898LEANDRO FERREIRA MUNIZ                  AVENIDA DOM JAIME DE BARROS CAMARA ,763 PLANALTO       09895400SAO BERNARDO DOSP0000000000000000                                        000                            
7560001300051R 01000000000000000000000000000000000000000000000000110022025000000000000444                                                                                                              0000000000000000 000000000000  0         
7560001300052S 013                                                                                                                                                                                                                              
7560001300053P 010563100000020087306 000029429701011     10 224153149700000001002202500000000004494400000 02A27012025110022025000000000000015000000000000000000000000000000000000000000000000000000                         1000   090000000000 
7560001300054Q 011000025609453801MARCIA HELENA FERNANDES                 AVENIDA DOM JAIME DE BARROS CAMARA ,375 PLANALTO       09895400SAO BERNARDO DOSP0000000000000000                                        000                            
7560001300055R 01000000000000000000000000000000000000000000000000110022025000000000000899                                                                                                              0000000000000000 000000000000  0         
7560001300056S 013                                                                                                                                                                                                                              
7560001300057P 010563100000020087306 000029430501011     10 224505818480000001002202500000000003000000000 02A27012025110022025000000000000010000000000000000000000000000000000000000000000000000000                         1000   090000000000 
7560001300058Q 011000016158461822SERGIO APARECIDO DE BARROS SILVA        RUA GUATAMBUS ,260                      ELDORADO       09973270        DIADEMASP0000000000000000                                        000                            
7560001300059R 01000000000000000000000000000000000000000000000000110022025000000000000600                                                                                                              0000000000000000 000000000000  0         
7560001300060S 013                                                                                                                                                                                                                              
7560001300061P 010563100000020087306 000029431201011     10 224340220760000001002202500000000003932600000 02A27012025110022025000000000000013000000000000000000000000000000000000000000000000000000                         1000   090000000000 
7560001300062Q 011000036044850889MARIANA ROCHA REGO                      RUA CLOTILDE GALESI ,252                VILA OSASCO    06083090         OSASCOSP0000000000000000                                        000                            
7560001300063R 01000000000000000000000000000000000000000000000000110022025000000000000787                                                                                                              0000000000000000 000000000000  0         
7560001300064S 013                                                                                                                                                                                                                              
7560001300065P 010563100000020087306 000029432001011     10 224223320510000001002202500000000002200000000 02A27012025110022025000000000000007000000000000000000000000000000000000000000000000000000                         1000   090000000000 
7560001300066Q 011000028110782825CRISTIANE DOS SANTOS                    AVENIDA DOM JAIME DE BARROS CAMARA ,825 PLANALTO       09895400SAO BERNARDO DOSP0000000000000000                                        000                            
7560001300067R 01000000000000000000000000000000000000000000000000110022025000000000000440                                                                                                              0000000000000000 000000000000  0         
7560001300068S 013                                                                                                                                                                                                                              
7560001300069P 010563100000020087306 000029433701011     10 224418521290000001002202500000000002220000000 02A27012025110022025000000000000007000000000000000000000000000000000000000000000000000000                         1000   090000000000 
7560001300070Q 011000012445645832EDILEUSA RAMOS DA COSTA NONATO          AVENIDA DOM JAIME DE BARROS CAMARA ,945 PLANALTO       09895400SAO BERNARDO DOSP0000000000000000                                        000                            
7560001300071R 01000000000000000000000000000000000000000000000000110022025000000000000444                                                                                                              0000000000000000 000000000000  0         
7560001300072S 013                                                                                                                                                                                                                              
7560001300073P 010563100000020087306 000029434401011     10 224419721290000001002202500000000000300000000 02A27012025110022025000000000000001000000000000000000000000000000000000000000000000000000                         1000   090000000000 
7560001300074Q 011000012445645832EDILEUSA RAMOS DA COSTA NONATO          AVENIDA DOM JAIME DE BARROS CAMARA ,945 PLANALTO       09895400SAO BERNARDO DOSP0000000000000000                                        000                            
7560001300075R 01000000000000000000000000000000000000000000000000110022025000000000000060                                                                                                              0000000000000000 000000000000  0         
7560001300076S 013                                                                                                                                                                                                                              
7560001300077P 010563100000020087306 000029435101011     10 224515412950000001002202500000000003707900000 02A27012025110022025000000000000012000000000000000000000000000000000000000000000000000000                         1000   090000000000 
7560001300078Q 011000031192736869ELIDA DE CAMPOS HEIN                    RUA CAPITAO OLEGARIO TEIXEIRA DA C,147  PLANALTO       09895690SAO BERNARDO DOSP0000000000000000                                        000                            
7560001300079R 01000000000000000000000000000000000000000000000000110022025000000000000742                                                                                                              0000000000000000 000000000000  0         
7560001300080S 013                                                                                                                                                                                                                              
7560001300081P 010563100000020087306 000029436901011     10 224156719090000001002202500000000001886800000 02A27012025110022025000000000000006000000000000000000000000000000000000000000000000000000                         1000   090000000000 
7560001300082Q 011000042658157827SABRINA ARILAINE SOUZA OLIVEIRA         RUA CAFE FILHO ,196                     PLANALTO       09896400SAO BERNARDO DOSP0000000000000000                                        000                            
7560001300083R 01000000000000000000000000000000000000000000000000110022025000000000000377                                                                                                              0000000000000000 000000000000  0         
7560001300084S 013                                                                                                                                                                                                                              
7560001300085P 010563100000020087306 000029437601011     10 224516620800000001002202500000000002353200000 02A27012025110022025000000000000008000000000000000000000000000000000000000000000000000000                         1000   090000000000 
7560001300086Q 011000034253088821DRYELLE SOUSA SAMPAIO                   RUA RIZIERI NEGRINI ,52                 PARQUE FONGARO 04257143      SAO PAULOSP0000000000000000                                        000                            
7560001300087R 01000000000000000000000000000000000000000000000000110022025000000000000471                                                                                                              0000000000000000 000000000000  0         
7560001300088S 013                                                                                                                                                                                                                              
7560001300089P 010563100000020087306 000029438301011     10 224089716670000001002202500000000001940400000 02A27012025110022025000000000000006000000000000000000000000000000000000000000000000000000                         1000   090000000000 
7560001300090Q 011000028041743870TATIANE BRUNHARO                        AV. DOM JAIME DE BARROS CAMARA ,945     PLANALTO       09895400SAO BERNARDO DOSP0000000000000000                                        000                            
7560001300091R 01000000000000000000000000000000000000000000000000110022025000000000000388                                                                                                              0000000000000000 000000000000  0         
7560001300092S 013                                                                                                                                                                                                                              
7560001300093P 010563100000020087306 000029439001011     10 224090912320000001002202500000000002212300000 02A27012025110022025000000000000007000000000000000000000000000000000000000000000000000000                         1000   090000000000 
7560001300094Q 011000012980636800ALEXANDRO SOARES                        AVENIDA DOM JAIME DE BARROS CAMARA ,625 PLANALTO       09895400SAO BERNARDO DOSP0000000000000000                                        000                            
7560001300095R 01000000000000000000000000000000000000000000000000110022025000000000000442                                                                                                              0000000000000000 000000000000  0         
7560001300096S 013                                                                                                                                                                                                                              
7560001300097P 010563100000020087306 000029440901011     10 224535721600000001002202500000000003120000000 02A27012025110022025000000000000010000000000000000000000000000000000000000000000000000000                         1000   090000000000 
7560001300098Q 011000008739074692THOMAZ FRANKLIN DE SOUZA JORGE          RUA SALVADOR FERREIRA DINIZ ,21         PRIMAVERA      37240000     LUMINARIASMG0000000000000000                                        000                            
7560001300099R 01000000000000000000000000000000000000000000000000110022025000000000000624                                                                                                              0000000000000000 000000000000  0         
7560001300100S 013                                                                                                                                                                                                                              
7560001300101P 010563100000020087306 000029441601011     10 224333452300000001002202500000000002685800000 02A27012025110022025000000000000009000000000000000000000000000000000000000000000000000000                         1000   090000000000 
7560001300102Q 011000008745532885VANDA UTINO MOREIRA                     AVENIDA DOM JAIME DE BARROS CAMARA ,885 PLANALTO       09895400SAO BERNARDO DOSP0000000000000000                                        000                            
7560001300103R 01000000000000000000000000000000000000000000000000110022025000000000000537                                                                                                              0000000000000000 000000000000  0         
7560001300104S 013                                                                                                                                                                                                                              
75600015         00002600002600000000000705986000000000000000000000000000000000000000000000000000000000000000000000                                                                                                                             
75699999         000001000026000000                                                                                                                                                                                                             