75600000         229492820000120                    0563100000020087306 ANEXA IDIOMAS LTDA            SICOOB                                  13107202410321400000108100000                                                                     
75600011R01  040 2029492820000120                    0563100000020087306 ANEXA IDIOMAS LTDA                                                                                            000046633107202400000000                                 
7560001300001P 010563100000020087306 000027544101011     10 224347620750000000508202400000000006300000000 02A31072024105082024000000000000021000000000000000000000000000000000000000000000000000000                         1000   090000000000 
7560001300002Q 011000042240260823MARCELA DINIZ DA SILVA                  RUA MARECHAL FLORIANO ,100              CENTRO         09912030        DIADEMASP0000000000000000                                        000                            
7560001300003R 01000000000000000000000000000000000000000000000000105082024000000000001260                                                                                                              0000000000000000 000000000000  0         
7560001300004S 013                                                                                                                                                                                                                              
75600015         00000100000100000000000063000000000000000000000000000000000000000000000000000000000000000000000000                                                                                                                             
75699999         000001000001000000                                                                                                                                                                                                             