75600000         229492820000120                    0563100000020087306 ANEXA IDIOMAS LTDA            SICOOB                                  10511202419264800000108100000                                                                     
75600011R01  040 2029492820000120                    0563100000020087306 ANEXA IDIOMAS LTDA                                                                                            000048050511202400000000                                 
7560001300001P 010563100000020087306 000028623801011     10 224449021430000001511202400000000004160000000 02A05112024115112024000000000000014000000000000000000000000000000000000000000000000000000                         1000   090000000000 
7560001300002Q 011000035218589870RODRIGO BANDELLI GONCALVES              RUA ALICE MANHOLER PITERI ,122          CENTRO         06018160         OSASCOSP0000000000000000                                        000                            
7560001300003R 01000000000000000000000000000000000000000000000000115112024000000000000832                                                                                                              0000000000000000 000000000000  0         
7560001300004S 013                                                                                                                                                                                                                              
75600015         00000100000100000000000041600000000000000000000000000000000000000000000000000000000000000000000000                                                                                                                             
75699999         000001000001000000                                                                                                                                                                                                             