75600000         219895217000135                    0563100000020064454 IWS CURSOS DE IDIOMAS LTDA    SICOOB                                  11610202413480400000108100000                                                                     
75600011R01  040 2019895217000135                    0563100000020064454 IWS CURSOS DE IDIOMAS LTDA                                                                                    000047831610202400000000                                 
7560001300001P 010563100000020064454 000028383701011     10 224201819260000003110202400000000002623500000 02A16102024131102024000000000000009000000000000000000000000000000000000000000000000000000                         1000   090000000000 
7560001300002Q 011000026592685840DANIELLY VAZ CORONADO                   RUA CLAUDINO BARBOSA ,712               MACEDO         07113040      GUARULHOSSP0000000000000000                                        000                            
7560001300003R 01000000000000000000000000000000000000000000000000131102024000000000000525                                                                                                              0000000000000000 000000000000  0         
7560001300004S 013                                                                                                                                                                                                                              
7560001300005P 010563100000020064454 000028384401011     10 224313815590000003010202400000000001559500000 02A16102024130102024000000000000005000000000000000000000000000000000000000000000000000000                         1000   090000000000 
7560001300006Q 011000003251742965JONAS ROBERTO KOEHLER                   RUA PEDRO ANDRE REINERT ,297            TRIBESS        89057410       BLUMENAUSC0000000000000000                                        000                            
7560001300007R 01000000000000000000000000000000000000000000000000130102024000000000000312                                                                                                              0000000000000000 000000000000  0         
7560001300008S 013                                                                                                                                                                                                                              
75600015         00000200000200000000000041830000000000000000000000000000000000000000000000000000000000000000000000                                                                                                                             
75699999         000001000002000000                                                                                                                                                                                                             