75600000         219895217000135                    0563100000020064454 IWS CURSOS DE IDIOMAS LTDA    SICOOB                                  10306202412145100000108100000                                                                     
75600011R01  040 2019895217000135                    0563100000020064454 IWS CURSOS DE IDIOMAS LTDA                                                                                    000045870306202400000000                                 
7560001300001P 010563100000020064454 000026964001011     10 223737068500000001506202400000000002958900000 02A03062024115062024000000000000010000000000000000000000000000000000000000000000000000000                         1000   090000000000 
7560001300002Q 011000040434550892BRUNO FERRAZ PEREIRA                    RUA DOUTOR PLINIO BARRETO ,1            BELA VISTA     01313020      SAO PAULOSP0000000000000000                                        000                            
7560001300003R 01000000000000000000000000000000000000000000000000115062024000000000000592                                                                                                              0000000000000000 000000000000  0         
7560001300004S 013                                                                                                                                                                                                                              
7560001300005P 010563100000020064454 000026965701011     10 223746674800000001506202400000000004004000000 02A03062024115062024000000000000013000000000000000000000000000000000000000000000000000000                         1000   090000000000 
7560001300006Q 011000051097253813GABRIELA HIGA MONJAR SECKLER            RUA ALENCAR ARARIPE ,                   SACOMA         04253000      SAO PAULOSP0000000000000000                                        000                            
7560001300007R 01000000000000000000000000000000000000000000000000115062024000000000000801                                                                                                              0000000000000000 000000000000  0         
7560001300008S 013                                                                                                                                                                                                                              
7560001300009P 010563100000020064454 000026966401011     10 223888412420000001506202400000000003672900000 02A03062024115062024000000000000012000000000000000000000000000000000000000000000000000000                         1000   090000000000 
7560001300010Q 011000017129471840LISANDRA MARQUES ALISEDA SEDRANI        RUA DOS FRANCESES ,498 APT 11           MORRO DOS INGLE01329010      SAO PAULOSP0000000000000000                                        000                            
7560001300011R 01000000000000000000000000000000000000000000000000115062024000000000000735                                                                                                              0000000000000000 000000000000  0         
7560001300012S 013                                                                                                                                                                                                                              
7560001300013P 010563100000020064454 000026967101011     10 224022612270000001506202400000000001714000000 02A03062024115062024000000000000006000000000000000000000000000000000000000000000000000000                         1000   090000000000 
7560001300014Q 011000006332290838ROSANA DE PAULO                         RUA MARIA BUCALEN HADDAD  ,61           VILA FIRMIANO P04125010      SAO PAULOSP0000000000000000                                        000                            
7560001300015R 01000000000000000000000000000000000000000000000000115062024000000000000343                                                                                                              0000000000000000 000000000000  0         
7560001300016S 013                                                                                                                                                                                                                              
75600015         00000400000400000000000123498000000000000000000000000000000000000000000000000000000000000000000000                                                                                                                             
75699999         000001000004000000                                                                                                                                                                                                             