75600000         232970660000191                    0563100000020098014 EDUULMC CURSOS DE IDIOMAS EIRESICOOB                                  10711202409250600000108100000                                                                     
75600011R01  040 2032970660000191                    0563100000020098014 EDUULMC CURSOS DE IDIOMAS EIRE                                                                                000048120711202400000000                                 
7560001300001P 010563100000020098014 000028672101011     10 224452918090000001511202400000000001500000000 02A07112024115112024000000000000005000000000000000000000000000000000000000000000000000000                         1000   090000000000 
7560001300002Q 011000037432422818GABRIELA APARECIDA DE ANDRADE SILVA     AVENIDA JOAO BATISTA SANTIAGO ,220      PARQUE SANTA RI08150030      SAO PAULOSP0000000000000000                                        000                            
7560001300003R 01000000000000000000000000000000000000000000000000115112024000000000000300                                                                                                              0000000000000000 000000000000  0         
7560001300004S 013                                                                                                                                                                                                                              
7560001300005P 010563100000020098014 000028673901011     10 224454221480000000811202400000000001875000000 02A07112024108112024000000000000006000000000000000000000000000000000000000000000000000000                         1000   090000000000 
7560001300006Q 011000013167507870LUCIENE DIANA SIQUEIRA                  RUA PADRE VIEIRA ,379                   JARDIM         09090720    SANTO ANDRESP0000000000000000                                        000                            
7560001300007R 01000000000000000000000000000000000000000000000000108112024000000000000375                                                                                                              0000000000000000 000000000000  0         
7560001300008S 013                                                                                                                                                                                                                              
75600015         00000200000200000000000033750000000000000000000000000000000000000000000000000000000000000000000000                                                                                                                             
75699999         000001000002000000                                                                                                                                                                                                             