75600000         229492820000120                    0563100000020087306 ANEXA IDIOMAS LTDA            SICOOB                                  10409202410380300000108100000                                                                     
75600011R01  040 2029492820000120                    0563100000020087306 ANEXA IDIOMAS LTDA                                                                                            000047350409202400000000                                 
7560001300001P 010563100000020087306 000027994701011     10 223846683200000002109202400000000007275800000 02A04092024121092024000000000000024000000000000000000000000000000000000000000000000000000                         1000   090000000000 
7560001300002Q 011000017042999851AURORA CRISTINA DOMINGOS                RUA ANTONIO FELIPE ,1540                CENTRO         87704030      PARANAVAIPR0000000000000000                                        000                            
7560001300003R 01000000000000000000000000000000000000000000000000121092024000000000001455                                                                                                              0000000000000000 000000000000  0         
7560001300004S 013                                                                                                                                                                                                                              
7560001300005P 010563100000020087306 000027995401011     10 224193020430000002009202400000000002830000000 02A04092024120092024000000000000009000000000000000000000000000000000000000000000000000000                         1000   090000000000 
7560001300006Q 011000026257486807ELIANA SOUSA DE OLIVEIRA                RUA ADEMIR DE MENEZES ,120              PLANALTO       09896130SAO BERNARDO DOSP0000000000000000                                        000                            
7560001300007R 01000000000000000000000000000000000000000000000000120092024000000000000566                                                                                                              0000000000000000 000000000000  0         
7560001300008S 013                                                                                                                                                                                                                              
7560001300009P 010563100000020087306 000027996101011     10 223911518670000002009202400000000002897000000 02A04092024120092024000000000000010000000000000000000000000000000000000000000000000000000                         1000   090000000000 
7560001300010Q 011000032654262898DIEGO CESAR DE PAULA                    RUA GUADALAJARA ,260                    JARDIM GUANABAR13211822        JUNDIAISP0000000000000000                                        000                            
7560001300011R 01000000000000000000000000000000000000000000000000120092024000000000000579                                                                                                              0000000000000000 000000000000  0         
7560001300012S 013                                                                                                                                                                                                                              
7560001300013P 010563100000020087306 000027997901011     10 224116520100000002009202400000000001880000000 02A04092024120092024000000000000006000000000000000000000000000000000000000000000000000000                         1000   090000000000 
7560001300014Q 011000045097684869LUANA DA SILVA RODRIGUES                RUA DOS MIRANDAS ,80                    INAMAR         09981100        DIADEMASP0000000000000000                                        000                            
7560001300015R 01000000000000000000000000000000000000000000000000120092024000000000000376                                                                                                              0000000000000000 000000000000  0         
7560001300016S 013                                                                                                                                                                                                                              
7560001300017P 010563100000020087306 000027998601011     10 223988118910000002009202400000000003392000000 02A04092024120092024000000000000011000000000000000000000000000000000000000000000000000000                         1000   090000000000 
7560001300018Q 011000036517885803FERNANDO HENRIQUE CESTO ASCENSO         RUA RUBENS DE SOUZA ARAUJO ,199         VILA MANGALOT  05132000      SAO PAULOSP0000000000000000                                        000                            
7560001300019R 01000000000000000000000000000000000000000000000000120092024000000000000678                                                                                                              0000000000000000 000000000000  0         
7560001300020S 013                                                                                                                                                                                                                              
7560001300021P 010563100000020087306 000027999301011     10 223936712980000002009202400000000001749000000 02A04092024120092024000000000000006000000000000000000000000000000000000000000000000000000                         1000   090000000000 
7560001300022Q 011000014026905845SOLANGE APARECIDA GRANGEIRO DE SOUZA    RUA MIGUEL COUTO ,307                   PLANALTO       09895130SAO BERNARDO DOSP0000000000000000                                        000                            
7560001300023R 01000000000000000000000000000000000000000000000000120092024000000000000350                                                                                                              0000000000000000 000000000000  0         
7560001300024S 013                                                                                                                                                                                                                              
7560001300025P 010563100000020087306 000028000801011     10 224112720000000002009202400000000003520000000 02A04092024120092024000000000000012000000000000000000000000000000000000000000000000000000                         1000   090000000000 
7560001300026Q 011000032243380838NADLA ARAUJO DA SILVA                   RUA LAURA BETTI ,07                     PARQUE NACOES U02996260      SAO PAULOSP0000000000000000                                        000                            
7560001300027R 01000000000000000000000000000000000000000000000000120092024000000000000704                                                                                                              0000000000000000 000000000000  0         
7560001300028S 013                                                                                                                                                                                                                              
7560001300029P 010563100000020087306 000028001501011     10 224173120280000002009202400000000003520000000 02A04092024120092024000000000000012000000000000000000000000000000000000000000000000000000                         1000   090000000000 
7560001300030Q 011000043469702810RENAN FERREIRA DIAS                     AVENIDA DOM JAIME DE BARROS CAMARA ,763 PLANALTO       09895400SAO BERNARDO DOSP0000000000000000                                        000                            
7560001300031R 01000000000000000000000000000000000000000000000000120092024000000000000704                                                                                                              0000000000000000 000000000000  0         
7560001300032S 013                                                                                                                                                                                                                              
7560001300033P 010563100000020087306 000028002201011     10 224159817190000002009202400000000002236000000 02A04092024120092024000000000000007000000000000000000000000000000000000000000000000000000                         1000   090000000000 
7560001300034Q 011000020533601860LUCIANA CARVALHO                        AVENIDA DOM JAIME DE BARROS CAMARA ,675 PLANALTO       09895400SAO BERNARDO DOSP0000000000000000                                        000                            
7560001300035R 01000000000000000000000000000000000000000000000000120092024000000000000447                                                                                                              0000000000000000 000000000000  0         
7560001300036S 013                                                                                                                                                                                                                              
75600015         00000900000900000000000292998000000000000000000000000000000000000000000000000000000000000000000000                                                                                                                             
75699999         000001000009000000                                                                                                                                                                                                             