75600000         229492820000120                    0563100000020087306 ANEXA IDIOMAS LTDA            SICOOB                                  12310202413221300000108100000                                                                     
75600011R01  040 2029492820000120                    0563100000020087306 ANEXA IDIOMAS LTDA                                                                                            000047912310202400000000                                 
7560001300001P 010563100000020087306 000028495401011     10 224295418240000000511202400000000000300000000 02A23102024105112024000000000000001000000000000000000000000000000000000000000000000000000                         1000   090000000000 
7560001300002Q 011000032193753830ADRIANA DA ROCHA FERREIRA               AVENIDA SENADOR VERGUEIRO ,2.685        ANCHIETA       09601000SAO BERNARDO DOSP0000000000000000                                        000                            
7560001300003R 01000000000000000000000000000000000000000000000000105112024000000000000060                                                                                                              0000000000000000 000000000000  0         
7560001300004S 013                                                                                                                                                                                                                              
7560001300005P 010563100000020087306 000028496101011     10 224195920450000001011202400000000002220000000 02A23102024110112024000000000000007000000000000000000000000000000000000000000000000000000                         1000   090000000000 
7560001300006Q 011000033025700823SHIRLEI BATISTA MORILLO                 RUA CAPITAO OLEGARIO TEIXEIRA DA C,117  PLANALTO       09895690SAO BERNARDO DOSP0000000000000000                                        000                            
7560001300007R 01000000000000000000000000000000000000000000000000110112024000000000000444                                                                                                              0000000000000000 000000000000  0         
7560001300008S 013                                                                                                                                                                                                                              
7560001300009P 010563100000020087306 000028497901011     10 224190620410000001011202400000000002288000000 02A23102024110112024000000000000008000000000000000000000000000000000000000000000000000000                         1000   090000000000 
7560001300010Q 011000082872864849AIDE BRITO DE DEUS OLIVEIRA             AVENIDA DOM JAIME DE BARROS CAMARA ,825 PLANALTO       09895400SAO BERNARDO DOSP0000000000000000                                        000                            
7560001300011R 01000000000000000000000000000000000000000000000000110112024000000000000458                                                                                                              0000000000000000 000000000000  0         
7560001300012S 013                                                                                                                                                                                                                              
7560001300013P 010563100000020087306 000028498601011     10 223900918290000001011202400000000002109400000 02A23102024110112024000000000000007000000000000000000000000000000000000000000000000000000                         1000   090000000000 
7560001300014Q 011000010645957828ROSANA BOSON CONCEICAO MACEDO           AVENIDA DOM JAIME DE BARROS CAMARA ,675 PLANALTO       09895400SAO BERNARDO DOSP0000000000000000                                        000                            
7560001300015R 01000000000000000000000000000000000000000000000000110112024000000000000422                                                                                                              0000000000000000 000000000000  0         
7560001300016S 013                                                                                                                                                                                                                              
7560001300017P 010563100000020087306 000028499301011     10 223964318920000001011202400000000001897400000 02A23102024110112024000000000000006000000000000000000000000000000000000000000000000000000                         1000   090000000000 
7560001300018Q 011000026577600821ANA PAULA PEREIRA DA SILVA              AV DOM JAIME DE BARROS CAMAR,885   ,885 PLANALTO       09895400SAO BERNARDO DOSP0000000000000000                                        000                            
7560001300019R 01000000000000000000000000000000000000000000000000110112024000000000000379                                                                                                              0000000000000000 000000000000  0         
7560001300020S 013                                                                                                                                                                                                                              
7560001300021P 010563100000020087306 000028500701011     10 224198317260000001011202400000000002011200000 02A23102024110112024000000000000007000000000000000000000000000000000000000000000000000000                         1000   090000000000 
7560001300022Q 011000020533601860LUCIANA CARVALHO                        AVENIDA DOM JAIME DE BARROS CAMARA ,675 PLANALTO       09895400SAO BERNARDO DOSP0000000000000000                                        000                            
7560001300023R 01000000000000000000000000000000000000000000000000110112024000000000000402                                                                                                              0000000000000000 000000000000  0         
7560001300024S 013                                                                                                                                                                                                                              
7560001300025P 010563100000020087306 000028501401011     10 224191920420000001011202400000000002288000000 02A23102024110112024000000000000008000000000000000000000000000000000000000000000000000000                         1000   090000000000 
7560001300026Q 011000041101415835CAROLINE BRITO DE DEUS OLIVEIRA         AVENIDA DOM JAIME DE BARROS CAMARA ,825 PLANALTO       09895400SAO BERNARDO DOSP0000000000000000                                        000                            
7560001300027R 01000000000000000000000000000000000000000000000000110112024000000000000458                                                                                                              0000000000000000 000000000000  0         
7560001300028S 013                                                                                                                                                                                                                              
7560001300029P 010563100000020087306 000028502101011     10 224146819170000000511202400000000003943200000 02A23102024105112024000000000000013000000000000000000000000000000000000000000000000000000                         1000   090000000000 
7560001300030Q 011000011682946819CLEBER JOSE RICARDO MARQUES             AVENIDA LEONARDO DA VINCI ,2566         VILA GUARANI (Z04313002      SAO PAULOSP0000000000000000                                        000                            
7560001300031R 01000000000000000000000000000000000000000000000000105112024000000000000789                                                                                                              0000000000000000 000000000000  0         
7560001300032S 013                                                                                                                                                                                                                              
7560001300033P 010563100000020087306 000028503901011     10 224065419060000001011202400000000002837600000 02A23102024110112024000000000000009000000000000000000000000000000000000000000000000000000                         1000   090000000000 
7560001300034Q 011000044197827814EDUARDO ARENS BENI                      ALAMEDA MINISTRO ROCHA AZEVEDO ,495     CERQUEIRA CESAR01410001      SAO PAULOSP0000000000000000                                        000                            
7560001300035R 01000000000000000000000000000000000000000000000000110112024000000000000568                                                                                                              0000000000000000 000000000000  0         
7560001300036S 013                                                                                                                                                                                                                              
7560001300037P 010563100000020087306 000028504601011     10 224053319900000001011202400000000002200000000 02A23102024110112024000000000000007000000000000000000000000000000000000000000000000000000                         1000   090000000000 
7560001300038Q 011000034614329896MANOEL J NETO                           AVENIDA DOM JAIME DE BARROS CAMARA ,357 PLANALTO       09895400SAO BERNARDO DOSP0000000000000000                                        000                            
7560001300039R 01000000000000000000000000000000000000000000000000110112024000000000000440                                                                                                              0000000000000000 000000000000  0         
7560001300040S 013                                                                                                                                                                                                                              
7560001300041P 010563100000020087306 000028505301011     10 224276011300000001011202400000000004325900000 02A23102024110112024000000000000014000000000000000000000000000000000000000000000000000000                         1000   090000000000 
7560001300042Q 011000027109212866ALESSANDRA DOURADO MELO                 RUA DAS GARCAS ,339                     INDEPENDENCIA  09861020SAO BERNARDO DOSP0000000000000000                                        000                            
7560001300043R 01000000000000000000000000000000000000000000000000110112024000000000000865                                                                                                              0000000000000000 000000000000  0         
7560001300044S 013                                                                                                                                                                                                                              
7560001300045P 010563100000020087306 000028506001011     10 224002718810000000511202400000000001897400000 02A23102024105112024000000000000006000000000000000000000000000000000000000000000000000000                         1000   090000000000 
7560001300046Q 011000026928896817MARCIO RICARDO ARAUJO                   AV. DOM JAIME DE BARROS CAMARA  ,763    PLANALTO       09895400SAO BERNARDO DOSP0000000000000000                                        000                            
7560001300047R 01000000000000000000000000000000000000000000000000105112024000000000000379                                                                                                              0000000000000000 000000000000  0         
7560001300048S 013                                                                                                                                                                                                                              
7560001300049P 010563100000020087306 000028507801011     10 223932116220000001011202400000000002973300000 02A23102024110112024000000000000010000000000000000000000000000000000000000000000000000000                         1000   090000000000 
7560001300050Q 011000036877483839LARISSA BARBOZA                         RUA JOSE ATALIBA ORTIZ ,999             VILA MANGALOT  05131000      SAO PAULOSP0000000000000000                                        000                            
7560001300051R 01000000000000000000000000000000000000000000000000110112024000000000000595                                                                                                              0000000000000000 000000000000  0         
7560001300052S 013                                                                                                                                                                                                                              
7560001300053P 010563100000020087306 000028508501011     10 224003918710000000511202400000000001791400000 02A23102024105112024000000000000006000000000000000000000000000000000000000000000000000000                         1000   090000000000 
7560001300054Q 011000058254616809MARCO RODRIGUES PEREIRA                 RUA PADRE PEDRO RIGO ,215               PLANALTO       09895750SAO BERNARDO DOSP0000000000000000                                        000                            
7560001300055R 01000000000000000000000000000000000000000000000000105112024000000000000358                                                                                                              0000000000000000 000000000000  0         
7560001300056S 013                                                                                                                                                                                                                              
7560001300057P 010563100000020087306 000028509201011     10 223887715900000001011202400000000002670000000 02A23102024110112024000000000000009000000000000000000000000000000000000000000000000000000                         1000   090000000000 
7560001300058Q 011000044355857824LEANDRO DA PAZ PEDRO                    RUA CICLADES ,100                       JARDIM GUARUJA 05876040      SAO PAULOSP0000000000000000                                        000                            
7560001300059R 01000000000000000000000000000000000000000000000000110112024000000000000534                                                                                                              0000000000000000 000000000000  0         
7560001300060S 013                                                                                                                                                                                                                              
7560001300061P 010563100000020087306 000028510001011     10 224082213910000001011202400000000006067400000 02A23102024110112024000000000000020000000000000000000000000000000000000000000000000000000                         1000   090000000000 
7560001300062Q 011000035044873802LUCAS DA PAZ PEDRO                      AVENIDA JOSE DINI ,400                  CHACARA AGRINDU06763015TABOAO DA SERRASP0000000000000000                                        000                            
7560001300063R 01000000000000000000000000000000000000000000000000110112024000000000001213                                                                                                              0000000000000000 000000000000  0         
7560001300064S 013                                                                                                                                                                                                                              
7560001300065P 010563100000020087306 000028511801011     10 224038219790000001011202400000000002220000000 02A23102024110112024000000000000007000000000000000000000000000000000000000000000000000000                         1000   090000000000 
7560001300066Q 011000031691253898LEANDRO FERREIRA MUNIZ                  AVENIDA DOM JAIME DE BARROS CAMARA ,763 PLANALTO       09895400SAO BERNARDO DOSP0000000000000000                                        000                            
7560001300067R 01000000000000000000000000000000000000000000000000110112024000000000000444                                                                                                              0000000000000000 000000000000  0         
7560001300068S 013                                                                                                                                                                                                                              
7560001300069P 010563100000020087306 000028512501011     10 224304420750000000511202400000000003520000000 02A23102024105112024000000000000012000000000000000000000000000000000000000000000000000000                         1000   090000000000 
7560001300070Q 011000042240260823MARCELA DINIZ DA SILVA                  RUA MARECHAL FLORIANO ,100              CENTRO         09912030        DIADEMASP0000000000000000                                        000                            
7560001300071R 01000000000000000000000000000000000000000000000000105112024000000000000704                                                                                                              0000000000000000 000000000000  0         
7560001300072S 013                                                                                                                                                                                                                              
7560001300073P 010563100000020087306 000028513201011     10 224152849700000001011202400000000004494400000 02A23102024110112024000000000000015000000000000000000000000000000000000000000000000000000                         1000   090000000000 
7560001300074Q 011000025609453801MARCIA HELENA FERNANDES                 AVENIDA DOM JAIME DE BARROS CAMARA ,375 PLANALTO       09895400SAO BERNARDO DOSP0000000000000000                                        000                            
7560001300075R 01000000000000000000000000000000000000000000000000110112024000000000000899                                                                                                              0000000000000000 000000000000  0         
7560001300076S 013                                                                                                                                                                                                                              
7560001300077P 010563100000020087306 000028514001011     10 223938118480000001011202400000000002830200000 02A23102024110112024000000000000009000000000000000000000000000000000000000000000000000000                         1000   090000000000 
7560001300078Q 011000016158461822SERGIO APARECIDO DE BARROS SILVA        RUA GUATAMBUS ,260                      ELDORADO       09973270        DIADEMASP0000000000000000                                        000                            
7560001300079R 01000000000000000000000000000000000000000000000000110112024000000000000566                                                                                                              0000000000000000 000000000000  0         
7560001300080S 013                                                                                                                                                                                                                              
7560001300081P 010563100000020087306 000028515701011     10 224344320810000000511202400000000002840000000 02A23102024105112024000000000000009000000000000000000000000000000000000000000000000000000                         1000   090000000000 
7560001300082Q 011000048719557884MARIA LUIZA CESARIO MARTINS             RUA DE PINEDO ,83                       CENTRO/ VILA AL09720270SAO BERNARDO DOSP0000000000000000                                        000                            
7560001300083R 01000000000000000000000000000000000000000000000000105112024000000000000568                                                                                                              0000000000000000 000000000000  0         
7560001300084S 013                                                                                                                                                                                                                              
7560001300085P 010563100000020087306 000028516401011     10 224339920760000001011202400000000003932600000 02A23102024110112024000000000000013000000000000000000000000000000000000000000000000000000                         1000   090000000000 
7560001300086Q 011000036044850889MARIANA ROCHA REGO                      RUA CLOTILDE GALESI ,252                VILA OSASCO    06083090         OSASCOSP0000000000000000                                        000                            
7560001300087R 01000000000000000000000000000000000000000000000000110112024000000000000787                                                                                                              0000000000000000 000000000000  0         
7560001300088S 013                                                                                                                                                                                                                              
7560001300089P 010563100000020087306 000028517101011     10 224223020510000001011202400000000002200000000 02A23102024110112024000000000000007000000000000000000000000000000000000000000000000000000                         1000   090000000000 
7560001300090Q 011000028110782825CRISTIANE DOS SANTOS                    AVENIDA DOM JAIME DE BARROS CAMARA ,825 PLANALTO       09895400SAO BERNARDO DOSP0000000000000000                                        000                            
7560001300091R 01000000000000000000000000000000000000000000000000110112024000000000000440                                                                                                              0000000000000000 000000000000  0         
7560001300092S 013                                                                                                                                                                                                                              
7560001300093P 010563100000020087306 000028518901011     10 224414820580000001011202400000000000500000000 02A23102024110112024000000000000002000000000000000000000000000000000000000000000000000000                         1000   090000000000 
7560001300094Q 011000046586007810NICOLE DOS SANTOS                       RUA NELSON RODRIGUES ,103               PLANALTO       09896170SAO BERNARDO DOSP0000000000000000                                        000                            
7560001300095R 01000000000000000000000000000000000000000000000000110112024000000000000100                                                                                                              0000000000000000 000000000000  0         
7560001300096S 013                                                                                                                                                                                                                              
7560001300097P 010563100000020087306 000028519601011     10 224289420660000000511202400000000002220000000 02A23102024105112024000000000000007000000000000000000000000000000000000000000000000000000                         1000   090000000000 
7560001300098Q 011000033585731848SHISLENE REIS SANTANA GOMES             AVENIDA DOM JAIME DE BARROS CAMARA ,357 PLANALTO       09895400SAO BERNARDO DOSP0000000000000000                                        000                            
7560001300099R 01000000000000000000000000000000000000000000000000105112024000000000000444                                                                                                              0000000000000000 000000000000  0         
7560001300100S 013                                                                                                                                                                                                                              
7560001300101P 010563100000020087306 000028520401011     10 224418221290000001011202400000000002220000000 02A23102024110112024000000000000007000000000000000000000000000000000000000000000000000000                         1000   090000000000 
7560001300102Q 011000012445645832EDILEUSA RAMOS DA COSTA NONATO          AVENIDA DOM JAIME DE BARROS CAMARA ,945 PLANALTO       09895400SAO BERNARDO DOSP0000000000000000                                        000                            
7560001300103R 01000000000000000000000000000000000000000000000000110112024000000000000444                                                                                                              0000000000000000 000000000000  0         
7560001300104S 013                                                                                                                                                                                                                              
7560001300105P 010563100000020087306 000028521101011     10 224419421290000001011202400000000000300000000 02A23102024110112024000000000000001000000000000000000000000000000000000000000000000000000                         1000   090000000000 
7560001300106Q 011000012445645832EDILEUSA RAMOS DA COSTA NONATO          AVENIDA DOM JAIME DE BARROS CAMARA ,945 PLANALTO       09895400SAO BERNARDO DOSP0000000000000000                                        000                            
7560001300107R 01000000000000000000000000000000000000000000000000110112024000000000000060                                                                                                              0000000000000000 000000000000  0         
7560001300108S 013                                                                                                                                                                                                                              
7560001300109P 010563100000020087306 000028522901011     10 223942912950000001011202400000000003498000000 02A23102024110112024000000000000012000000000000000000000000000000000000000000000000000000                         1000   090000000000 
7560001300110Q 011000031192736869ELIDA DE CAMPOS HEIN                    RUA CAPITAO OLEGARIO TEIXEIRA DA C,147  PLANALTO       09895690SAO BERNARDO DOSP0000000000000000                                        000                            
7560001300111R 01000000000000000000000000000000000000000000000000110112024000000000000700                                                                                                              0000000000000000 000000000000  0         
7560001300112S 013                                                                                                                                                                                                                              
7560001300113P 010563100000020087306 000028523601011     10 224156419090000001011202400000000001886800000 02A23102024110112024000000000000006000000000000000000000000000000000000000000000000000000                         1000   090000000000 
7560001300114Q 011000042658157827SABRINA ARILAINE SOUZA OLIVEIRA         RUA CAFE FILHO ,196                     PLANALTO       09896400SAO BERNARDO DOSP0000000000000000                                        000                            
7560001300115R 01000000000000000000000000000000000000000000000000110112024000000000000377                                                                                                              0000000000000000 000000000000  0         
7560001300116S 013                                                                                                                                                                                                                              
7560001300117P 010563100000020087306 000028524301011     10 224343720800000001011202400000000002220000000 02A23102024110112024000000000000007000000000000000000000000000000000000000000000000000000                         1000   090000000000 
7560001300118Q 011000034253088821DRYELLE SOUSA SAMPAIO                   RUA RIZIERI NEGRINI ,52                 PARQUE FONGARO 04257143      SAO PAULOSP0000000000000000                                        000                            
7560001300119R 01000000000000000000000000000000000000000000000000110112024000000000000444                                                                                                              0000000000000000 000000000000  0         
7560001300120S 013                                                                                                                                                                                                                              
7560001300121P 010563100000020087306 000028525001011     10 224089416670000001011202400000000001500000000 02A23102024110112024000000000000005000000000000000000000000000000000000000000000000000000                         1000   090000000000 
7560001300122Q 011000028041743870TATIANE BRUNHARO                        AV. DOM JAIME DE BARROS CAMARA ,945     PLANALTO       09895400SAO BERNARDO DOSP0000000000000000                                        000                            
7560001300123R 01000000000000000000000000000000000000000000000000110112024000000000000300                                                                                                              0000000000000000 000000000000  0         
7560001300124S 013                                                                                                                                                                                                                              
7560001300125P 010563100000020087306 000028526801011     10 224414616670000001011202400000000000750000000 02A23102024110112024000000000000002000000000000000000000000000000000000000000000000000000                         1000   090000000000 
7560001300126Q 011000028041743870TATIANE BRUNHARO                        AV. DOM JAIME DE BARROS CAMARA ,945     PLANALTO       09895400SAO BERNARDO DOSP0000000000000000                                        000                            
7560001300127R 01000000000000000000000000000000000000000000000000110112024000000000000150                                                                                                              0000000000000000 000000000000  0         
7560001300128S 013                                                                                                                                                                                                                              
7560001300129P 010563100000020087306 000028527501011     10 224090612320000001011202400000000002212300000 02A23102024110112024000000000000007000000000000000000000000000000000000000000000000000000                         1000   090000000000 
7560001300130Q 011000012980636800ALEXANDRO SOARES                        AVENIDA DOM JAIME DE BARROS CAMARA ,625 PLANALTO       09895400SAO BERNARDO DOSP0000000000000000                                        000                            
7560001300131R 01000000000000000000000000000000000000000000000000110112024000000000000442                                                                                                              0000000000000000 000000000000  0         
7560001300132S 013                                                                                                                                                                                                                              
7560001300133P 010563100000020087306 000028528201011     10 224333152300000001011202400000000002685800000 02A23102024110112024000000000000009000000000000000000000000000000000000000000000000000000                         1000   090000000000 
7560001300134Q 011000008745532885VANDA UTINO MOREIRA                     AVENIDA DOM JAIME DE BARROS CAMARA ,885 PLANALTO       09895400SAO BERNARDO DOSP0000000000000000                                        000                            
7560001300135R 01000000000000000000000000000000000000000000000000110112024000000000000537                                                                                                              0000000000000000 000000000000  0         
7560001300136S 013                                                                                                                                                                                                                              
75600015         00003400003400000000000838503000000000000000000000000000000000000000000000000000000000000000000000                                                                                                                             
75699999         000001000034000000                                                                                                                                                                                                             