75600000         229492820000120                    0563100000020087306 ANEXA IDIOMAS LTDA            SICOOB                                  11202202515341300000108100000                                                                     
75600011R01  040 2029492820000120                    0563100000020087306 ANEXA IDIOMAS LTDA                                                                                            000049101202202500000000                                 
7560001300001P 010563100000020087306 000029647301011     10 224674521820000002002202500000000001880000000 02A12022025120022025000000000000006000000000000000000000000000000000000000000000000000000                         1000   090000000000 
7560001300002Q 011000034528460831NATHALY FURIAN FREALDO                  AVENIDA DOM JAIME DE BARROS CAMARA ,763 PLANALTO       09895400SAO BERNARDO DOSP0000000000000000                                        000                            
7560001300003R 01000000000000000000000000000000000000000000000000120022025000000000000376                                                                                                              0000000000000000 000000000000  0         
7560001300004S 013                                                                                                                                                                                                                              
7560001300005P 010563100000020087306 000029648001011     10 224675721820000002002202500000000001350000000 02A12022025120022025000000000000004000000000000000000000000000000000000000000000000000000                         1000   090000000000 
7560001300006Q 011000034528460831NATHALY FURIAN FREALDO                  AVENIDA DOM JAIME DE BARROS CAMARA ,763 PLANALTO       09895400SAO BERNARDO DOSP0000000000000000                                        000                            
7560001300007R 01000000000000000000000000000000000000000000000000120022025000000000000270                                                                                                              0000000000000000 000000000000  0         
7560001300008S 013                                                                                                                                                                                                                              
75600015         00000200000200000000000032300000000000000000000000000000000000000000000000000000000000000000000000                                                                                                                             
75699999         000001000002000000                                                                                                                                                                                                             