75600000         219895217000135                    0563100000020064454 IWS CURSOS DE IDIOMAS LTDA    SICOOB                                  11609202411283600000108100000                                                                     
75600011R01  040 2019895217000135                    0563100000020064454 IWS CURSOS DE IDIOMAS LTDA                                                                                    000047451609202400000000                                 
7560001300001P 010563100000020064454 000028086301011     10 224408517970000001709202400000000000450000000 02A16092024117092024000000000000001000000000000000000000000000000000000000000000000000000                         1000   090000000000 
7560001300002Q 011000038938785807PALOMA LOURENCO DOS SANTOS              RUA DOUTOR GABRIEL COVELLI ,440         PARQUE PERUCHE 02533000      SAO PAULOSP0000000000000000                                        000                            
7560001300003R 01000000000000000000000000000000000000000000000000117092024000000000000090                                                                                                              0000000000000000 000000000000  0         
7560001300004S 013                                                                                                                                                                                                                              
75600015         00000100000100000000000004500000000000000000000000000000000000000000000000000000000000000000000000                                                                                                                             
75699999         000001000001000000                                                                                                                                                                                                             