75600000         229492820000120                    0563100000020087306 ANEXA IDIOMAS LTDA            SICOOB                                  11202202512513300000108100000                                                                     
75600011R01  040 2029492820000120                    0563100000020087306 ANEXA IDIOMAS LTDA                                                                                            000049071202202500000000                                 
7560001300001P 010563100000020087306 000029618001011     10 224671821810000001502202500000000006000000000 02A12022025115022025000000000000020000000000000000000000000000000000000000000000000000000                         1000   090000000000 
7560001300002Q 011000031804288802ANTONIO LEANDRO DUARTE DIAS             AVENIDA DOM JAIME DE BARROS CAMARA ,795 PLANALTO       09895400SAO BERNARDO DOSP0000000000000000                                        000                            
7560001300003R 01000000000000000000000000000000000000000000000000115022025000000000001200                                                                                                              0000000000000000 000000000000  0         
7560001300004S 013                                                                                                                                                                                                                              
7560001300005P 010563100000020087306 000029619701011     10 224673021810000001502202500000000002250000000 02A12022025115022025000000000000007000000000000000000000000000000000000000000000000000000                         1000   090000000000 
7560001300006Q 011000031804288802ANTONIO LEANDRO DUARTE DIAS             AVENIDA DOM JAIME DE BARROS CAMARA ,795 PLANALTO       09895400SAO BERNARDO DOSP0000000000000000                                        000                            
7560001300007R 01000000000000000000000000000000000000000000000000115022025000000000000450                                                                                                              0000000000000000 000000000000  0         
7560001300008S 013                                                                                                                                                                                                                              
7560001300009P 010563100000020087306 000029620501011     10 224486612720000002502202500000000002977500000 02A12022025125022025000000000000010000000000000000000000000000000000000000000000000000000                         1000   090000000000 
7560001300010Q 011000028642395826CARLA REGINA DE ARAUJO                  AVENIDA DOM JAIME DE BARROS CAMARA ,885 PLANALTO       09895400SAO BERNARDO DOSP0000000000000000                                        000                            
7560001300011R 01000000000000000000000000000000000000000000000000125022025000000000000596                                                                                                              0000000000000000 000000000000  0         
7560001300012S 013                                                                                                                                                                                                                              
7560001300013P 010563100000020087306 000029621201011     10 224437195900000002802202500000000002353200000 02A12022025128022025000000000000008000000000000000000000000000000000000000000000000000000                         1000   090000000000 
7560001300014Q 011000028354882861JOAO PAULO MORGUETO                     AV. DOM JAIME DE BARROS CAMARA ,515     PLANALTO       09895400SAO BERNARDO DOSP0000000000000000                                        000                            
7560001300015R 01000000000000000000000000000000000000000000000000128022025000000000000471                                                                                                              0000000000000000 000000000000  0         
7560001300016S 013                                                                                                                                                                                                                              
7560001300017P 010563100000020087306 000029622001011     10 224493812700000002802202500000000001881500000 02A12022025128022025000000000000006000000000000000000000000000000000000000000000000000000                         1000   090000000000 
7560001300018Q 011000073446530363ANTONIO IRAILSON BEZERRA SABOIA         RUA PROFESSOR EDMUNDO VASCONCELOS ,158  VL JUPITER     09890420SAO BERNARDO DOSP0000000000000000                                        000                            
7560001300019R 01000000000000000000000000000000000000000000000000128022025000000000000376                                                                                                              0000000000000000 000000000000  0         
7560001300020S 013                                                                                                                                                                                                                              
7560001300021P 010563100000020087306 000029623701011     10 224627612700000002802202500000000005600000000 02A12022025128022025000000000000018000000000000000000000000000000000000000000000000000000                         1000   090000000000 
7560001300022Q 011000073446530363ANTONIO IRAILSON BEZERRA SABOIA         RUA PROFESSOR EDMUNDO VASCONCELOS ,158  VL JUPITER     09890420SAO BERNARDO DOSP0000000000000000                                        000                            
7560001300023R 01000000000000000000000000000000000000000000000000128022025000000000001120                                                                                                              0000000000000000 000000000000  0         
7560001300024S 013                                                                                                                                                                                                                              
7560001300025P 010563100000020087306 000029624401011     10 224242111150000002502202500000000003033700000 02A12022025125022025000000000000010000000000000000000000000000000000000000000000000000000                         1000   090000000000 
7560001300026Q 011000098449648491MARIA HELENA DOS REIS                   RUA JOAO DOMINGUES TAVARES ,90          PLANALTO       09895010SAO BERNARDO DOSP0000000000000000                                        000                            
7560001300027R 01000000000000000000000000000000000000000000000000125022025000000000000607                                                                                                              0000000000000000 000000000000  0         
7560001300028S 013                                                                                                                                                                                                                              
7560001300029P 010563100000020087306 000029625101011     10 224400820630000002802202500000000002999800000 02A12022025128022025000000000000010000000000000000000000000000000000000000000000000000000                         1000   090000000000 
7560001300030Q 011000044608181831LUANA HELENA BOM FARIAS                 AVENIDA DOM JAIME DE BARROS CAMARA ,670 PLANALTO       09895400SAO BERNARDO DOSP0000000000000000                                        000                            
7560001300031R 01000000000000000000000000000000000000000000000000128022025000000000000600                                                                                                              0000000000000000 000000000000  0         
7560001300032S 013                                                                                                                                                                                                                              
7560001300033P 010563100000020087306 000029626901011     10 224508213070000002502202500000000002459500000 02A12022025125022025000000000000008000000000000000000000000000000000000000000000000000000                         1000   090000000000 
7560001300034Q 011000014930017874MARCOS DONIZETE DOS SANTOS              AVENIDA DOM JAIME DE BARROS CAMARA ,885 PLANALTO       09895400SAO BERNARDO DOSP0000000000000000                                        000                            
7560001300035R 01000000000000000000000000000000000000000000000000125022025000000000000492                                                                                                              0000000000000000 000000000000  0         
7560001300036S 013                                                                                                                                                                                                                              
7560001300037P 010563100000020087306 000029627601011     10 224510619700000002802202500000000003180000000 02A12022025128022025000000000000010000000000000000000000000000000000000000000000000000000                         1000   090000000000 
7560001300038Q 011000000879236884RAQUEL DIAS RAMALHO                     RUA HEIZO NAKANO ,44                    DEMARCHI       09811901SAO BERNARDO DOSP0000000000000000                                        000                            
7560001300039R 01000000000000000000000000000000000000000000000000128022025000000000000636                                                                                                              0000000000000000 000000000000  0         
7560001300040S 013                                                                                                                                                                                                                              
7560001300041P 010563100000020087306 000029628301011     10 224446718610000002802202500000000003070800000 02A12022025128022025000000000000010000000000000000000000000000000000000000000000000000000                         1000   090000000000 
7560001300042Q 011000022328841805RICARDO MOREIRA BORGES                  RUA JABORANDI ,38                       JARDIM CONTINEN13225097VARZEA PAULISTASP0000000000000000                                        000                            
7560001300043R 01000000000000000000000000000000000000000000000000128022025000000000000614                                                                                                              0000000000000000 000000000000  0         
7560001300044S 013                                                                                                                                                                                                                              
7560001300045P 010563100000020087306 000029629001011     10 224028213370000002502202500000000001749000000 02A12022025125022025000000000000006000000000000000000000000000000000000000000000000000000                         1000   090000000000 
7560001300046Q 011000034193427803EDVANIA SILVA PEREIRA                   AVENIDA DOM JAIME DE BARROS CAMARA ,763 PLANALTO       09895400     ADAMANTINASP0000000000000000                                        000                            
7560001300047R 01000000000000000000000000000000000000000000000000125022025000000000000350                                                                                                              0000000000000000 000000000000  0         
7560001300048S 013                                                                                                                                                                                                                              
7560001300049P 010563100000020087306 000029630901011     10 224525019950000002802202500000000003731200000 02A12022025128022025000000000000012000000000000000000000000000000000000000000000000000000                         1000   090000000000 
7560001300050Q 011000052635208832VICTOR GASPARINO BARBOSA                RUA LEILA GONCALVES ,449                VILA GONCALVES 09725050SAO BERNARDO DOSP0000000000000000                                        000                            
7560001300051R 01000000000000000000000000000000000000000000000000128022025000000000000746                                                                                                              0000000000000000 000000000000  0         
7560001300052S 013                                                                                                                                                                                                                              
75600015         00001300001300000000000412862000000000000000000000000000000000000000000000000000000000000000000000                                                                                                                             
75699999         000001000013000000                                                                                                                                                                                                             