75600000         219895217000135                    0563100000020064454 IWS CURSOS DE IDIOMAS LTDA    SICOOB                                  13107202413473900000108100000                                                                     
75600011R01  040 2019895217000135                    0563100000020064454 IWS CURSOS DE IDIOMAS LTDA                                                                                    000046703107202400000000                                 
7560001300001P 010563100000020064454 000027580001011     10 224268568500000001508202400000000003136400000 02A31072024115082024000000000000010000000000000000000000000000000000000000000000000000000                         1000   090000000000 
7560001300002Q 011000040434550892BRUNO FERRAZ PEREIRA                    RUA DOUTOR PLINIO BARRETO ,1            BELA VISTA     01313020      SAO PAULOSP0000000000000000                                        000                            
7560001300003R 01000000000000000000000000000000000000000000000000115082024000000000000627                                                                                                              0000000000000000 000000000000  0         
7560001300004S 013                                                                                                                                                                                                                              
7560001300005P 010563100000020064454 000027581701011     10 224274574800000001508202400000000004498900000 02A31072024115082024000000000000015000000000000000000000000000000000000000000000000000000                         1000   090000000000 
7560001300006Q 011000051097253813GABRIELA HIGA MONJAR SECKLER            RUA ALENCAR ARARIPE ,                   SACOMA         04253000      SAO PAULOSP0000000000000000                                        000                            
7560001300007R 01000000000000000000000000000000000000000000000000115082024000000000000900                                                                                                              0000000000000000 000000000000  0         
7560001300008S 013                                                                                                                                                                                                                              
7560001300009P 010563100000020064454 000027582401011     10 224080713720000001508202400000000002652600000 02A31072024115082024000000000000009000000000000000000000000000000000000000000000000000000                         1000   090000000000 
7560001300010Q 011000044202915836LAIS CREPALDI                           RUA HEITOR PENTEADO ,1832               SUMAREZINHO    05438300      SAO PAULOSP0000000000000000                                        000                            
7560001300011R 01000000000000000000000000000000000000000000000000115082024000000000000531                                                                                                              0000000000000000 000000000000  0         
7560001300012S 013                                                                                                                                                                                                                              
7560001300013P 010563100000020064454 000027583101011     10 223888612420000001508202400000000003672900000 02A31072024115082024000000000000012000000000000000000000000000000000000000000000000000000                         1000   090000000000 
7560001300014Q 011000017129471840LISANDRA MARQUES ALISEDA SEDRANI        RUA DOS FRANCESES ,498 APT 11           MORRO DOS INGLE01329010      SAO PAULOSP0000000000000000                                        000                            
7560001300015R 01000000000000000000000000000000000000000000000000115082024000000000000735                                                                                                              0000000000000000 000000000000  0         
7560001300016S 013                                                                                                                                                                                                                              
7560001300017P 010563100000020064454 000027584901011     10 224022812270000001508202400000000003428000000 02A31072024115082024000000000000011000000000000000000000000000000000000000000000000000000                         1000   090000000000 
7560001300018Q 011000006332290838ROSANA DE PAULO                         RUA MARIA BUCALEN HADDAD  ,61           VILA FIRMIANO P04125010      SAO PAULOSP0000000000000000                                        000                            
7560001300019R 01000000000000000000000000000000000000000000000000115082024000000000000686                                                                                                              0000000000000000 000000000000  0         
7560001300020S 013                                                                                                                                                                                                                              
75600015         00000500000500000000000173888000000000000000000000000000000000000000000000000000000000000000000000                                                                                                                             
75699999         000001000005000000                                                                                                                                                                                                             