75600000         219895217000135                    0563100000020064454 IWS CURSOS DE IDIOMAS LTDA    SICOOB                                  12101202514054900000108100000                                                                     
75600011R01  040 2019895217000135                    0563100000020064454 IWS CURSOS DE IDIOMAS LTDA                                                                                    000048692101202500000000                                 
7560001300001P 010563100000020064454 000029343101011     10 224161820210000000502202500000000003000000000 02A21012025105022025000000000000010000000000000000000000000000000000000000000000000000000                         1000   090000000000 
7560001300002Q 011000029247398886ANGELA MARIA DIAS DOS REIS              RUA TRAJANO DE FARIA ,216               JARDIM NOVA TAB07141080      GUARULHOSSP0000000000000000                                        000                            
7560001300003R 01000000000000000000000000000000000000000000000000105022025000000000000600                                                                                                              0000000000000000 000000000000  0         
7560001300004S 013                                                                                                                                                                                                                              
7560001300005P 010563100000020064454 000029344901011     10 223979018800000000502202500000000004770000000 02A21012025105022025000000000000016000000000000000000000000000000000000000000000000000000                         1000   090000000000 
7560001300006Q 011000013428220803EDIVANIA CONCEICAO MEDEIROS DA SILVA    RUA MANGA ,642                          JD. ALBERTINA  07243500      GUARULHOSSP0000000000000000                                        000                            
7560001300007R 01000000000000000000000000000000000000000000000000105022025000000000000954                                                                                                              0000000000000000 000000000000  0         
7560001300008S 013                                                                                                                                                                                                                              
7560001300009P 010563100000020064454 000029345601011     10 224456821510000000502202500000000002470000000 02A21012025105022025000000000000008000000000000000000000000000000000000000000000000000000                         1000   090000000000 
7560001300010Q 011000046397259811ELAINE CRISTINA DUARTE DE SOUZA         RUA MARCOS ANTONIO SALVADOR ,16         JARDIM ALAMO   07176630      GUARULHOSSP0000000000000000                                        000                            
7560001300011R 01000000000000000000000000000000000000000000000000105022025000000000000494                                                                                                              0000000000000000 000000000000  0         
7560001300012S 013                                                                                                                                                                                                                              
7560001300013P 010563100000020064454 000029346301011     10 223982618310000000502202500000000002830200000 02A21012025105022025000000000000009000000000000000000000000000000000000000000000000000000                         1000   090000000000 
7560001300014Q 011000034078049893ELLEN DOS SANTOS FRANCO                 RUA MARIA ZINTL ,114                    COCAIA         07121390      GUARULHOSSP0000000000000000                                        000                            
7560001300015R 01000000000000000000000000000000000000000000000000105022025000000000000566                                                                                                              0000000000000000 000000000000  0         
7560001300016S 013                                                                                                                                                                                                                              
7560001300017P 010563100000020064454 000029347001011     10 224485414860000000502202500000000003707900000 02A21012025105022025000000000000012000000000000000000000000000000000000000000000000000000                         1000   090000000000 
7560001300018Q 011000025313672843FABIOLA GURGEL                          RUA DOUTOR MIGUEL VIEIRA FERREIRA ,57   JARDIM ZAIRA   07095070      GUARULHOSSP0000000000000000                                        000                            
7560001300019R 01000000000000000000000000000000000000000000000000105022025000000000000742                                                                                                              0000000000000000 000000000000  0         
7560001300020S 013                                                                                                                                                                                                                              
7560001300021P 010563100000020064454 000029348801011     10 223989818100000000502202500000000002120000000 02A21012025105022025000000000000007000000000000000000000000000000000000000000000000000000                         1000   090000000000 
7560001300022Q 011000029619296877DEBORA DO CARMO ALVES DA SILVA          RUA JOSE MIGUEL ACKEL ,2790             JARDIM GUILHERM07273000      GUARULHOSSP0000000000000000                                        000                            
7560001300023R 01000000000000000000000000000000000000000000000000105022025000000000000424                                                                                                              0000000000000000 000000000000  0         
7560001300024S 013                                                                                                                                                                                                                              
7560001300025P 010563100000020064454 000029349501011     10 223994618500000000502202500000000002438000000 02A21012025105022025000000000000008000000000000000000000000000000000000000000000000000000                         1000   090000000000 
7560001300026Q 011000008563118803SIMONE SOARES ZUANETTI                  RUA JESUINO RABELLO ,196                VILA MILTON    07063150      GUARULHOSSP0000000000000000                                        000                            
7560001300027R 01000000000000000000000000000000000000000000000000105022025000000000000488                                                                                                              0000000000000000 000000000000  0         
7560001300028S 013                                                                                                                                                                                                                              
7560001300029P 010563100000020064454 000029350301011     10 224150716960000000502202500000000003074000000 02A21012025105022025000000000000010000000000000000000000000000000000000000000000000000000                         1000   090000000000 
7560001300030Q 011000025313672843FABIOLA GURGEL                          RUA DOUTOR MIGUEL VIEIRA FERREIRA ,57   JARDIM ZAIRA   07095070      GUARULHOSSP0000000000000000                                        000                            
7560001300031R 01000000000000000000000000000000000000000000000000105022025000000000000615                                                                                                              0000000000000000 000000000000  0         
7560001300032S 013                                                                                                                                                                                                                              
7560001300033P 010563100000020064454 000029351001011     10 224120720130000000502202500000000003500000000 02A21012025105022025000000000000012000000000000000000000000000000000000000000000000000000                         1000   090000000000 
7560001300034Q 011000048357994881HENRIQUE ADRIANO DE SOUSA SANTOS        AVENIDA JOSE AUGUSTO DA SILVA RICO ,621 VILA RICA      07156100      GUARULHOSSP0000000000000000                                        000                            
7560001300035R 01000000000000000000000000000000000000000000000000105022025000000000000700                                                                                                              0000000000000000 000000000000  0         
7560001300036S 013                                                                                                                                                                                                                              
7560001300037P 010563100000020064454 000029352801011     10 223997018520000000502202500000000002109400000 02A21012025105022025000000000000007000000000000000000000000000000000000000000000000000000                         1000   090000000000 
7560001300038Q 011000008563118803SIMONE SOARES ZUANETTI                  RUA JESUINO RABELLO ,196                VILA MILTON    07063150      GUARULHOSSP0000000000000000                                        000                            
7560001300039R 01000000000000000000000000000000000000000000000000105022025000000000000422                                                                                                              0000000000000000 000000000000  0         
7560001300040S 013                                                                                                                                                                                                                              
7560001300041P 010563100000020064454 000029353501011     10 224399696600000000502202500000000003392000000 02A21012025105022025000000000000011000000000000000000000000000000000000000000000000000000                         1000   090000000000 
7560001300042Q 011000045489539810KETYLIN DOS SANTOS                      RUA BRANQUILHO ,30                      JARDIM DAS CAME08050470      SAO PAULOSP0000000000000000                                        000                            
7560001300043R 01000000000000000000000000000000000000000000000000105022025000000000000678                                                                                                              0000000000000000 000000000000  0         
7560001300044S 013                                                                                                                                                                                                                              
7560001300045P 010563100000020064454 000029354201011     10 224321414350000000502202500000000006011300000 02A21012025105022025000000000000020000000000000000000000000000000000000000000000000000000                         1000   090000000000 
7560001300046Q 011000009664163848LILIAN DE FATIMA SILVA                  RUA PROFESSOR WLADEMIR PEREIRA ,230     VILA SAO SILVES05386360      SAO PAULOSP0000000000000000                                        000                            
7560001300047R 01000000000000000000000000000000000000000000000000105022025000000000001202                                                                                                              0000000000000000 000000000000  0         
7560001300048S 013                                                                                                                                                                                                                              
7560001300049P 010563100000020064454 000029355001011     10 224243359500000000502202500000000002830200000 02A21012025105022025000000000000009000000000000000000000000000000000000000000000000000000                         1000   090000000000 
7560001300050Q 011000098867539000LUCIANA HISAYO ENDO                     RUA BENEDITO FAUSTINO DE MORAIS ,48     VILA RACHID    07012080      GUARULHOSSP0000000000000000                                        000                            
7560001300051R 01000000000000000000000000000000000000000000000000105022025000000000000566                                                                                                              0000000000000000 000000000000  0         
7560001300052S 013                                                                                                                                                                                                                              
7560001300053P 010563100000020064454 000029356701011     10 224454421500000000502202500000000002470000000 02A21012025105022025000000000000008000000000000000000000000000000000000000000000000000000                         1000   090000000000 
7560001300054Q 011000046530313800MARIANA SILVA SANTANA                   AVENIDA PRESIDENTE HUMBERTO DE ALEN,2495VILA LEONOR    07024170      GUARULHOSSP0000000000000000                                        000                            
7560001300055R 01000000000000000000000000000000000000000000000000105022025000000000000494                                                                                                              0000000000000000 000000000000  0         
7560001300056S 013                                                                                                                                                                                                                              
7560001300057P 010563100000020064454 000029357401011     10 224018642000000000502202500000000002823000000 02A21012025105022025000000000000009000000000000000000000000000000000000000000000000000000                         1000   090000000000 
7560001300058Q 011000011632733846PAULO SERGIO GONCALVES DE OLIVEIRA      RUA ALBERTO HINOTO BENTO ,294           MACEDO         07197140      GUARULHOSSP0000000000000000                                        000                            
7560001300059R 01000000000000000000000000000000000000000000000000105022025000000000000565                                                                                                              0000000000000000 000000000000  0         
7560001300060S 013                                                                                                                                                                                                                              
7560001300061P 010563100000020064454 000029358101011     10 224024618190000000502202500000000002480400000 02A21012025105022025000000000000008000000000000000000000000000000000000000000000000000000                         1000   090000000000 
7560001300062Q 011000028597539828ROSANGELA DE LOURDES MENDES             RUA PRIMEIRO DE MAIO ,56                VILA ANTONIETA 07041220      GUARULHOSSP0000000000000000                                        000                            
7560001300063R 01000000000000000000000000000000000000000000000000105022025000000000000496                                                                                                              0000000000000000 000000000000  0         
7560001300064S 013                                                                                                                                                                                                                              
7560001300065P 010563100000020064454 000029359901011     10 224332215570000000502202500000000002809000000 02A21012025105022025000000000000009000000000000000000000000000000000000000000000000000000                         1000   090000000000 
7560001300066Q 011000043483096809SABRINA DE OLIVEIRA TAVARES             RUA DOUTOR PAULO MAURICIO DE OLIVEI,128 RESIDENCIAL CER07130560      GUARULHOSSP0000000000000000                                        000                            
7560001300067R 01000000000000000000000000000000000000000000000000105022025000000000000562                                                                                                              0000000000000000 000000000000  0         
7560001300068S 013                                                                                                                                                                                                                              
7560001300069P 010563100000020064454 000029360701011     10 224093310220000000502202500000000003262900000 02A21012025105022025000000000000011000000000000000000000000000000000000000000000000000000                         1000   090000000000 
7560001300070Q 011000043704621854VICTOR TONETTO MARQUES                  RUA SILVESTRE VASCONCELOS CALMON ,486   VILA PEDRO MORE07020001      GUARULHOSSP0000000000000000                                        000                            
7560001300071R 01000000000000000000000000000000000000000000000000105022025000000000000653                                                                                                              0000000000000000 000000000000  0         
7560001300072S 013                                                                                                                                                                                                                              
75600015         00001800001800000000000560983000000000000000000000000000000000000000000000000000000000000000000000                                                                                                                             
75699999         000001000018000000                                                                                                                                                                                                             