75600000         229492820000120                    0563100000020087306 ANEXA IDIOMAS LTDA            SICOOB                                  10302202514201500000108100000                                                                     
75600011R01  040 2029492820000120                    0563100000020087306 ANEXA IDIOMAS LTDA                                                                                            000048880302202500000000                                 
7560001300001P 010563100000020087306 000029499201011     10 224260715470000001502202500000000003089900000 02A03022025115022025000000000000010000000000000000000000000000000000000000000000000000000                         1000   090000000000 
7560001300002Q 011000016136232839VALDIRENE CORREIA DE LIMA PEREIRA       AVENIDA SARA ZIRLIS ,222                VILA LUTECIA   09130220    SANTO ANDRESP0000000000000000                                        000                            
7560001300003R 01000000000000000000000000000000000000000000000000115022025000000000000618                                                                                                              0000000000000000 000000000000  0         
7560001300004S 013                                                                                                                                                                                                                              
7560001300005P 010563100000020087306 000029500601011     10 223968213360000001502202500000000001574100000 02A03022025115022025000000000000005000000000000000000000000000000000000000000000000000000                         1000   090000000000 
7560001300006Q 011000034193427803EDVANIA SILVA PEREIRA                   AV DOM JAIME DE BARROS CAMARA ,763      BL 03 AP 803   09895400SAO BERNARDO DOSP0000000000000000                                        000                            
7560001300007R 01000000000000000000000000000000000000000000000000115022025000000000000315                                                                                                              0000000000000000 000000000000  0         
7560001300008S 013                                                                                                                                                                                                                              
7560001300009P 010563100000020087306 000029501301011     10 224267919460000001502202500000000001897400000 02A03022025115022025000000000000006000000000000000000000000000000000000000000000000000000                         1000   090000000000 
7560001300010Q 011000000580681637VIVIANE DALCIN GARCIA DE OLIVEIRA       AVENIDA DOM JAIME DE BARROS CAMARA ,515 PLANALTO       09895400SAO BERNARDO DOSP0000000000000000                                        000                            
7560001300011R 01000000000000000000000000000000000000000000000000115022025000000000000379                                                                                                              0000000000000000 000000000000  0         
7560001300012S 013                                                                                                                                                                                                                              
7560001300013P 010563100000020087306 000029502001011     10 224235120600000001502202500000000002200000000 02A03022025115022025000000000000007000000000000000000000000000000000000000000000000000000                         1000   090000000000 
7560001300014Q 011000032306643881JULIANA CRUZ BARROS GOMES               RUA ANTONIO SANCHES FILHO ,54           PLANALTO       09896020SAO BERNARDO DOSP0000000000000000                                        000                            
7560001300015R 01000000000000000000000000000000000000000000000000115022025000000000000440                                                                                                              0000000000000000 000000000000  0         
7560001300016S 013                                                                                                                                                                                                                              
7560001300017P 010563100000020087306 000029503801011     10 224074116190000001502202500000000001775000000 02A03022025115022025000000000000006000000000000000000000000000000000000000000000000000000                         1000   090000000000 
7560001300018Q 011000073446530363ANTONIO IRAILSON BEZERRA SABOIA         RUA PROFESSOR EDMUNDO VASCONCELOS ,158  VL JUPITER     09890420SAO BERNARDO DOSP0000000000000000                                        000                            
7560001300019R 01000000000000000000000000000000000000000000000000115022025000000000000355                                                                                                              0000000000000000 000000000000  0         
7560001300020S 013                                                                                                                                                                                                                              
7560001300021P 010563100000020087306 000029504501011     10 224208215290000001602202500000000003089900000 02A03022025116022025000000000000010000000000000000000000000000000000000000000000000000000                         1000   090000000000 
7560001300022Q 011000045369881812ISABELLA CRISTINA MONTEIRO DA SILVA     RUA RIO PRETO ,679                      VILA VALPARAISO09060090    SANTO ANDRESP0000000000000000                                        000                            
7560001300023R 01000000000000000000000000000000000000000000000000116022025000000000000618                                                                                                              0000000000000000 000000000000  0         
7560001300024S 013                                                                                                                                                                                                                              
7560001300025P 010563100000020087306 000029505201011     10 224176420310000001502202500000000002220000000 02A03022025115022025000000000000007000000000000000000000000000000000000000000000000000000                         1000   090000000000 
7560001300026Q 011000056970711838MARCELA ROBERTA DE ALMEIDA SILVA        AVENIDA DOM JAIME DE BARROS CAMARA ,825 PLANALTO       09895400SAO BERNARDO DOSP0000000000000000                                        000                            
7560001300027R 01000000000000000000000000000000000000000000000000115022025000000000000444                                                                                                              0000000000000000 000000000000  0         
7560001300028S 013                                                                                                                                                                                                                              
7560001300029P 010563100000020087306 000029506001011     10 224076516320000001602202500000000002236000000 02A03022025116022025000000000000007000000000000000000000000000000000000000000000000000000                         1000   090000000000 
7560001300030Q 011000026421529879RENATA CRISTINA SOLHA PEREZ             AVENIDA DOM JAIME DE BARROS CAMARA ,945 PLANALTO       09895400SAO BERNARDO DOSP0000000000000000                                        000                            
7560001300031R 01000000000000000000000000000000000000000000000000116022025000000000000447                                                                                                              0000000000000000 000000000000  0         
7560001300032S 013                                                                                                                                                                                                                              
7560001300033P 010563100000020087306 000029507701011     10 224279968600000001502202500000000003136400000 02A03022025115022025000000000000010000000000000000000000000000000000000000000000000000000                         1000   090000000000 
7560001300034Q 011000088679497487PATRICIA FRAZAO DE OLIVEIRA             RUA SILVIA ,10                          BELA VISTA     01331010      SAO PAULOSP0000000000000000                                        000                            
7560001300035R 01000000000000000000000000000000000000000000000000115022025000000000000627                                                                                                              0000000000000000 000000000000  0         
7560001300036S 013                                                                                                                                                                                                                              
7560001300037P 010563100000020087306 000029508401011     10 224448121440000001502202500000000002830000000 02A03022025115022025000000000000009000000000000000000000000000000000000000000000000000000                         1000   090000000000 
7560001300038Q 011000013236888466JULIANA KARLA FERREIRA GOES             AVENIDA DOM JAIME DE BARROS CAMARA ,885 PLANALTO       09895400SAO BERNARDO DOSP0000000000000000                                        000                            
7560001300039R 01000000000000000000000000000000000000000000000000115022025000000000000566                                                                                                              0000000000000000 000000000000  0         
7560001300040S 013                                                                                                                                                                                                                              
7560001300041P 010563100000020087306 000029509101011     10 224282317730000001502202500000000002236000000 02A03022025115022025000000000000007000000000000000000000000000000000000000000000000000000                         1000   090000000000 
7560001300042Q 011000028030189850ANDREIA CRISTINA SIGNER                 RUA YAYA ,206                           CANHEMA        09941445        DIADEMASP0000000000000000                                        000                            
7560001300043R 01000000000000000000000000000000000000000000000000115022025000000000000447                                                                                                              0000000000000000 000000000000  0         
7560001300044S 013                                                                                                                                                                                                                              
7560001300045P 010563100000020087306 000029510001011     10 224445519760000001502202500000000003943200000 02A03022025115022025000000000000013000000000000000000000000000000000000000000000000000000                         1000   090000000000 
7560001300046Q 011000030970779879MARCIO DANIEL SANCHES                   AVENIDA DOM JAIME DE BARROS CAMARA ,670 PLANALTO       09895400SAO BERNARDO DOSP0000000000000000                                        000                            
7560001300047R 01000000000000000000000000000000000000000000000000115022025000000000000789                                                                                                              0000000000000000 000000000000  0         
7560001300048S 013                                                                                                                                                                                                                              
7560001300049P 010563100000020087306 000029511701011     10 224012613630000001502202500000000006413000000 02A03022025115022025000000000000021000000000000000000000000000000000000000000000000000000                         1000   090000000000 
7560001300050Q 011000011975390857ROSANA GONCALVES DE OLIVEIRA            AVENIDA DOM JAIME DE BARROS CAMARA ,715 PLANALTO       09895400SAO BERNARDO DOSP0000000000000000                                        000                            
7560001300051R 01000000000000000000000000000000000000000000000000115022025000000000001283                                                                                                              0000000000000000 000000000000  0         
7560001300052S 013                                                                                                                                                                                                                              
7560001300053P 010563100000020087306 000029512401011     10 224449321430000001502202500000000004160000000 02A03022025115022025000000000000014000000000000000000000000000000000000000000000000000000                         1000   090000000000 
7560001300054Q 011000035218589870RODRIGO BANDELLI GONCALVES              RUA ALICE MANHOLER PITERI ,122          CENTRO         06018160         OSASCOSP0000000000000000                                        000                            
7560001300055R 01000000000000000000000000000000000000000000000000115022025000000000000832                                                                                                              0000000000000000 000000000000  0         
7560001300056S 013                                                                                                                                                                                                                              
7560001300057P 010563100000020087306 000029513101011     10 224519020060000001502202500000000002332000000 02A03022025115022025000000000000008000000000000000000000000000000000000000000000000000000                         1000   090000000000 
7560001300058Q 011000017121273810MARCIA CASTRO OLIVEIRA                  AVENIDA DOM JAIME DE BARROS CAMARA ,515 PLANALTO       09895400SAO BERNARDO DOSP0000000000000000                                        000                            
7560001300059R 01000000000000000000000000000000000000000000000000115022025000000000000466                                                                                                              0000000000000000 000000000000  0         
7560001300060S 013                                                                                                                                                                                                                              
75600015         00001500001500000000000431329000000000000000000000000000000000000000000000000000000000000000000000                                                                                                                             
75699999         000001000015000000                                                                                                                                                                                                             