75600000         219895217000135                    0563100000020064454 IWS CURSOS DE IDIOMAS LTDA    SICOOB                                  12608202413482500000108100000                                                                     
75600011R01  040 2019895217000135                    0563100000020064454 IWS CURSOS DE IDIOMAS LTDA                                                                                    000047162608202400000000                                 
7560001300001P 010563100000020064454 000027801301011     10 224383619500000003008202400000000002100000000 02A26082024130082024000000000000007000000000000000000000000000000000000000000000000000000                         1000   090000000000 
7560001300002Q 011000044237668843AMERICO RICARDO COUTINHO DIAS           RUA CABO JOAO TERUEL FREGONI ,307       PONTE GRANDE   07032000      GUARULHOSSP0000000000000000                                        000                            
7560001300003R 01000000000000000000000000000000000000000000000000130082024000000000000420                                                                                                              0000000000000000 000000000000  0         
7560001300004S 013                                                                                                                                                                                                                              
75600015         00000100000100000000000021000000000000000000000000000000000000000000000000000000000000000000000000                                                                                                                             
75699999         000001000001000000                                                                                                                                                                                                             