75600000         219895217000135                    0563100000020064454 IWS CURSOS DE IDIOMAS LTDA    SICOOB                                  11103202320540200000108100000                                                                     
75600011R01  040 2019895217000135                    0563100000020064454 IWS CURSOS DE IDIOMAS LTDA                                                                                    000039651103202300000000                                 
7560001300001P 010563100000020064454 000021889601011     10 223594699900000001503202300000000001400000000 02A11032023115032023000000000000005000000000000000000000000000000000000000000000000000000                         1000   090000000000 
7560001300002Q 011000033390590803MICHEL FERNANDES RAMOS                  RUA CASEMIRO DIAS ,297                  VILA NOVA      19010280PRESIDENTE PRUDSP0000000000000000                                        000                            
7560001300003R 01000000000000000000000000000000000000000000000000115032023000000000000280                                                                                                              0000000000000000 000000000000  0         
7560001300004S 013                                                                                                                                                                                                                              
7560001300005P 010563100000020064454 000021890401011     10 223594799900000001504202300000000001400000000 02A11032023115042023000000000000005000000000000000000000000000000000000000000000000000000                         1000   090000000000 
7560001300006Q 011000033390590803MICHEL FERNANDES RAMOS                  RUA CASEMIRO DIAS ,297                  VILA NOVA      19010280PRESIDENTE PRUDSP0000000000000000                                        000                            
7560001300007R 01000000000000000000000000000000000000000000000000115042023000000000000280                                                                                                              0000000000000000 000000000000  0         
7560001300008S 013                                                                                                                                                                                                                              
7560001300009P 010563100000020064454 000021891101011     10 223594899900000001505202300000000001400000000 02A11032023115052023000000000000005000000000000000000000000000000000000000000000000000000                         1000   090000000000 
7560001300010Q 011000033390590803MICHEL FERNANDES RAMOS                  RUA CASEMIRO DIAS ,297                  VILA NOVA      19010280PRESIDENTE PRUDSP0000000000000000                                        000                            
7560001300011R 01000000000000000000000000000000000000000000000000115052023000000000000280                                                                                                              0000000000000000 000000000000  0         
7560001300012S 013                                                                                                                                                                                                                              
7560001300013P 010563100000020064454 000021892901011     10 223594999900000001506202300000000001400000000 02A11032023115062023000000000000005000000000000000000000000000000000000000000000000000000                         1000   090000000000 
7560001300014Q 011000033390590803MICHEL FERNANDES RAMOS                  RUA CASEMIRO DIAS ,297                  VILA NOVA      19010280PRESIDENTE PRUDSP0000000000000000                                        000                            
7560001300015R 01000000000000000000000000000000000000000000000000115062023000000000000280                                                                                                              0000000000000000 000000000000  0         
7560001300016S 013                                                                                                                                                                                                                              
7560001300017P 010563100000020064454 000021893601011     10 223595099900000001507202300000000001400000000 02A11032023115072023000000000000005000000000000000000000000000000000000000000000000000000                         1000   090000000000 
7560001300018Q 011000033390590803MICHEL FERNANDES RAMOS                  RUA CASEMIRO DIAS ,297                  VILA NOVA      19010280PRESIDENTE PRUDSP0000000000000000                                        000                            
7560001300019R 01000000000000000000000000000000000000000000000000115072023000000000000280                                                                                                              0000000000000000 000000000000  0         
7560001300020S 013                                                                                                                                                                                                                              
7560001300021P 010563100000020064454 000021894301011     10 223595199900000001508202300000000001400000000 02A11032023115082023000000000000005000000000000000000000000000000000000000000000000000000                         1000   090000000000 
7560001300022Q 011000033390590803MICHEL FERNANDES RAMOS                  RUA CASEMIRO DIAS ,297                  VILA NOVA      19010280PRESIDENTE PRUDSP0000000000000000                                        000                            
7560001300023R 01000000000000000000000000000000000000000000000000115082023000000000000280                                                                                                              0000000000000000 000000000000  0         
7560001300024S 013                                                                                                                                                                                                                              
7560001300025P 010563100000020064454 000021895001011     10 223595299900000001509202300000000001400000000 02A11032023115092023000000000000005000000000000000000000000000000000000000000000000000000                         1000   090000000000 
7560001300026Q 011000033390590803MICHEL FERNANDES RAMOS                  RUA CASEMIRO DIAS ,297                  VILA NOVA      19010280PRESIDENTE PRUDSP0000000000000000                                        000                            
7560001300027R 01000000000000000000000000000000000000000000000000115092023000000000000280                                                                                                              0000000000000000 000000000000  0         
7560001300028S 013                                                                                                                                                                                                                              
7560001300029P 010563100000020064454 000021896801011     10 223595399900000001510202300000000001400000000 02A11032023115102023000000000000005000000000000000000000000000000000000000000000000000000                         1000   090000000000 
7560001300030Q 011000033390590803MICHEL FERNANDES RAMOS                  RUA CASEMIRO DIAS ,297                  VILA NOVA      19010280PRESIDENTE PRUDSP0000000000000000                                        000                            
7560001300031R 01000000000000000000000000000000000000000000000000115102023000000000000280                                                                                                              0000000000000000 000000000000  0         
7560001300032S 013                                                                                                                                                                                                                              
7560001300033P 010563100000020064454 000021897501011     10 223595499900000001511202300000000001400000000 02A11032023115112023000000000000005000000000000000000000000000000000000000000000000000000                         1000   090000000000 
7560001300034Q 011000033390590803MICHEL FERNANDES RAMOS                  RUA CASEMIRO DIAS ,297                  VILA NOVA      19010280PRESIDENTE PRUDSP0000000000000000                                        000                            
7560001300035R 01000000000000000000000000000000000000000000000000115112023000000000000280                                                                                                              0000000000000000 000000000000  0         
7560001300036S 013                                                                                                                                                                                                                              
7560001300037P 010563100000020064454 000021898201011     10 223595599900000001512202300000000001400000000 02A11032023115122023000000000000005000000000000000000000000000000000000000000000000000000                         1000   090000000000 
7560001300038Q 011000033390590803MICHEL FERNANDES RAMOS                  RUA CASEMIRO DIAS ,297                  VILA NOVA      19010280PRESIDENTE PRUDSP0000000000000000                                        000                            
7560001300039R 01000000000000000000000000000000000000000000000000115122023000000000000280                                                                                                              0000000000000000 000000000000  0         
7560001300040S 013                                                                                                                                                                                                                              
7560001300041P 010563100000020064454 000021899001011     10 223595699900000001501202400000000001400000000 02A11032023115012024000000000000005000000000000000000000000000000000000000000000000000000                         1000   090000000000 
7560001300042Q 011000033390590803MICHEL FERNANDES RAMOS                  RUA CASEMIRO DIAS ,297                  VILA NOVA      19010280PRESIDENTE PRUDSP0000000000000000                                        000                            
7560001300043R 01000000000000000000000000000000000000000000000000115012024000000000000280                                                                                                              0000000000000000 000000000000  0         
7560001300044S 013                                                                                                                                                                                                                              
7560001300045P 010563100000020064454 000021900301011     10 223595799900000001502202400000000001400000000 02A11032023115022024000000000000005000000000000000000000000000000000000000000000000000000                         1000   090000000000 
7560001300046Q 011000033390590803MICHEL FERNANDES RAMOS                  RUA CASEMIRO DIAS ,297                  VILA NOVA      19010280PRESIDENTE PRUDSP0000000000000000                                        000                            
7560001300047R 01000000000000000000000000000000000000000000000000115022024000000000000280                                                                                                              0000000000000000 000000000000  0         
7560001300048S 013                                                                                                                                                                                                                              
7560001300049P 010563100000020064454 000021901001011     10 223595899900000001503202400000000001400000000 02A11032023115032024000000000000005000000000000000000000000000000000000000000000000000000                         1000   090000000000 
7560001300050Q 011000033390590803MICHEL FERNANDES RAMOS                  RUA CASEMIRO DIAS ,297                  VILA NOVA      19010280PRESIDENTE PRUDSP0000000000000000                                        000                            
7560001300051R 01000000000000000000000000000000000000000000000000115032024000000000000280                                                                                                              0000000000000000 000000000000  0         
7560001300052S 013                                                                                                                                                                                                                              
7560001300053P 010563100000020064454 000021902801011     10 223595999900000001504202400000000001400000000 02A11032023115042024000000000000005000000000000000000000000000000000000000000000000000000                         1000   090000000000 
7560001300054Q 011000033390590803MICHEL FERNANDES RAMOS                  RUA CASEMIRO DIAS ,297                  VILA NOVA      19010280PRESIDENTE PRUDSP0000000000000000                                        000                            
7560001300055R 01000000000000000000000000000000000000000000000000115042024000000000000280                                                                                                              0000000000000000 000000000000  0         
7560001300056S 013                                                                                                                                                                                                                              
7560001300057P 010563100000020064454 000021903501011     10 223596099900000001505202400000000001400000000 02A11032023115052024000000000000005000000000000000000000000000000000000000000000000000000                         1000   090000000000 
7560001300058Q 011000033390590803MICHEL FERNANDES RAMOS                  RUA CASEMIRO DIAS ,297                  VILA NOVA      19010280PRESIDENTE PRUDSP0000000000000000                                        000                            
7560001300059R 01000000000000000000000000000000000000000000000000115052024000000000000280                                                                                                              0000000000000000 000000000000  0         
7560001300060S 013                                                                                                                                                                                                                              
7560001300061P 010563100000020064454 000021904201011     10 223596199900000001506202400000000001400000000 02A11032023115062024000000000000005000000000000000000000000000000000000000000000000000000                         1000   090000000000 
7560001300062Q 011000033390590803MICHEL FERNANDES RAMOS                  RUA CASEMIRO DIAS ,297                  VILA NOVA      19010280PRESIDENTE PRUDSP0000000000000000                                        000                            
7560001300063R 01000000000000000000000000000000000000000000000000115062024000000000000280                                                                                                              0000000000000000 000000000000  0         
7560001300064S 013                                                                                                                                                                                                                              
7560001300065P 010563100000020064454 000021905001011     10 223596299900000001507202400000000001400000000 02A11032023115072024000000000000005000000000000000000000000000000000000000000000000000000                         1000   090000000000 
7560001300066Q 011000033390590803MICHEL FERNANDES RAMOS                  RUA CASEMIRO DIAS ,297                  VILA NOVA      19010280PRESIDENTE PRUDSP0000000000000000                                        000                            
7560001300067R 01000000000000000000000000000000000000000000000000115072024000000000000280                                                                                                              0000000000000000 000000000000  0         
7560001300068S 013                                                                                                                                                                                                                              
7560001300069P 010563100000020064454 000021906701011     10 223596399900000001508202400000000001400000000 02A11032023115082024000000000000005000000000000000000000000000000000000000000000000000000                         1000   090000000000 
7560001300070Q 011000033390590803MICHEL FERNANDES RAMOS                  RUA CASEMIRO DIAS ,297                  VILA NOVA      19010280PRESIDENTE PRUDSP0000000000000000                                        000                            
7560001300071R 01000000000000000000000000000000000000000000000000115082024000000000000280                                                                                                              0000000000000000 000000000000  0         
7560001300072S 013                                                                                                                                                                                                                              
7560001300073P 010563100000020064454 000021907401011     10 223596499900000001509202400000000001400000000 02A11032023115092024000000000000005000000000000000000000000000000000000000000000000000000                         1000   090000000000 
7560001300074Q 011000033390590803MICHEL FERNANDES RAMOS                  RUA CASEMIRO DIAS ,297                  VILA NOVA      19010280PRESIDENTE PRUDSP0000000000000000                                        000                            
7560001300075R 01000000000000000000000000000000000000000000000000115092024000000000000280                                                                                                              0000000000000000 000000000000  0         
7560001300076S 013                                                                                                                                                                                                                              
7560001300077P 010563100000020064454 000021908101011     10 223596599900000001510202400000000001400000000 02A11032023115102024000000000000005000000000000000000000000000000000000000000000000000000                         1000   090000000000 
7560001300078Q 011000033390590803MICHEL FERNANDES RAMOS                  RUA CASEMIRO DIAS ,297                  VILA NOVA      19010280PRESIDENTE PRUDSP0000000000000000                                        000                            
7560001300079R 01000000000000000000000000000000000000000000000000115102024000000000000280                                                                                                              0000000000000000 000000000000  0         
7560001300080S 013                                                                                                                                                                                                                              
75600015         00002000002000000000000280000000000000000000000000000000000000000000000000000000000000000000000000                                                                                                                             
75699999         000001000020000000                                                                                                                                                                                                             