75600000         219895217000135                    0563100000020064454 IWS CURSOS DE IDIOMAS LTDA    SICOOB                                  10209202418122700000108100000                                                                     
75600011R01  040 2019895217000135                    0563100000020064454 IWS CURSOS DE IDIOMAS LTDA                                                                                    000047280209202400000000                                 
7560001300001P 010563100000020064454 000027962401011     10 224391715150000001509202400000000004840000000 02A02092024115092024000000000000016000000000000000000000000000000000000000000000000000000                         1000   090000000000 
7560001300002Q 011000071010386972CARLOS EDUARDO TONELLI COBO             ALAMEDA TERRAZUL ,417                   TERRAS DE SAO C13216774        JUNDIAISP0000000000000000                                        000                            
7560001300003R 01000000000000000000000000000000000000000000000000115092024000000000000968                                                                                                              0000000000000000 000000000000  0         
7560001300004S 013                                                                                                                                                                                                                              
75600015         00000100000100000000000048400000000000000000000000000000000000000000000000000000000000000000000000                                                                                                                             
75699999         000001000001000000                                                                                                                                                                                                             