75600000         219895217000135                    0563100000020064454 IWS CURSOS DE IDIOMAS LTDA    SICOOB                                  10302202514174900000108100000                                                                     
75600011R01  040 2019895217000135                    0563100000020064454 IWS CURSOS DE IDIOMAS LTDA                                                                                    000048860302202500000000                                 
7560001300001P 010563100000020064454 000029475901011     10 224425021310000001502202500000000003300000000 02A03022025115022025000000000000011000000000000000000000000000000000000000000000000000000                         1000   090000000000 
7560001300002Q 011000006121146435GRACIELA RAULICKIS                      RUA SAO QUIRINO ,55                     VILA GUILHERME 02056070      SAO PAULOSP0000000000000000                                        000                            
7560001300003R 01000000000000000000000000000000000000000000000000115022025000000000000660                                                                                                              0000000000000000 000000000000  0         
7560001300004S 013                                                                                                                                                                                                                              
7560001300005P 010563100000020064454 000029476601011     10 223975416330000001502202500000000001908000000 02A03022025115022025000000000000006000000000000000000000000000000000000000000000000000000                         1000   090000000000 
7560001300006Q 011000030578064812CLEBER ROBERTO BERGER                   PRACA CAPITAO ALBERTO MENDES JUNIO,71   CENTRO         07012031      GUARULHOSSP0000000000000000                                        000                            
7560001300007R 01000000000000000000000000000000000000000000000000115022025000000000000382                                                                                                              0000000000000000 000000000000  0         
7560001300008S 013                                                                                                                                                                                                                              
7560001300009P 010563100000020064454 000029477301011     10 224413621270000001502202500000000002500000000 02A03022025115022025000000000000008000000000000000000000000000000000000000000000000000000                         1000   090000000000 
7560001300010Q 011000028048739860MARCELO DORNAS PANHOTTA NEVES           RUA ANTONIO RABELLO ,50                 JARDIM ALIANCA 07063080      GUARULHOSSP0000000000000000                                        000                            
7560001300011R 01000000000000000000000000000000000000000000000000115022025000000000000500                                                                                                              0000000000000000 000000000000  0         
7560001300012S 013                                                                                                                                                                                                                              
7560001300013P 010563100000020064454 000029478001011     10 224310615600000001502202500000000002809000000 02A03022025115022025000000000000009000000000000000000000000000000000000000000000000000000                         1000   090000000000 
7560001300014Q 011000036374365828DRIELE PINHEIRO SANTOS                  RUA NATERCIA ,161                       VILA NOVA BONSU07176340      GUARULHOSSP0000000000000000                                        000                            
7560001300015R 01000000000000000000000000000000000000000000000000115022025000000000000562                                                                                                              0000000000000000 000000000000  0         
7560001300016S 013                                                                                                                                                                                                                              
7560001300017P 010563100000020064454 000029479801011     10 223980218980000001502202500000000002109400000 02A03022025115022025000000000000007000000000000000000000000000000000000000000000000000000                         1000   090000000000 
7560001300018Q 011000032297933827THALITA ALESSANDRA DE SOUZA             RUA ANTONIO GOMES ,135                  VILA SANTO ANTO07093090      GUARULHOSSP0000000000000000                                        000                            
7560001300019R 01000000000000000000000000000000000000000000000000115022025000000000000422                                                                                                              0000000000000000 000000000000  0         
7560001300020S 013                                                                                                                                                                                                                              
7560001300021P 010563100000020064454 000029480601011     10 224170512400000001502202500000000003150000000 02A03022025115022025000000000000010000000000000000000000000000000000000000000000000000000                         1000   090000000000 
7560001300022Q 011000052522627805ERIC VINICIUS DA SILVA MARTINS          RUA NIDIA ,221                          CIDADE PARQUE A07242400      GUARULHOSSP0000000000000000                                        000                            
7560001300023R 01000000000000000000000000000000000000000000000000115022025000000000000630                                                                                                              0000000000000000 000000000000  0         
7560001300024S 013                                                                                                                                                                                                                              
7560001300025P 010563100000020064454 000029481301011     10 224483013190000001502202500000000006966300000 02A03022025115022025000000000000023000000000000000000000000000000000000000000000000000000                         1000   090000000000 
7560001300026Q 011000027899694850EVANDRO DE SANTANA CAVICCHIO            RUA TOCANTINOPOLIS ,645                 JARDIM IPORANGA07124100      GUARULHOSSP0000000000000000                                        000                            
7560001300027R 01000000000000000000000000000000000000000000000000115022025000000000001393                                                                                                              0000000000000000 000000000000  0         
7560001300028S 013                                                                                                                                                                                                                              
7560001300029P 010563100000020064454 000029482001011     10 224257120650000001502202500000000003700000000 02A03022025115022025000000000000012000000000000000000000000000000000000000000000000000000                         1000   090000000000 
7560001300030Q 011000032100160893FERNANDA GHIRALDI NOBRE                 RUA DOUTOR ELOY CHAVES ,273             VILA SOROCABANA07024181      GUARULHOSSP0000000000000000                                        000                            
7560001300031R 01000000000000000000000000000000000000000000000000115022025000000000000740                                                                                                              0000000000000000 000000000000  0         
7560001300032S 013                                                                                                                                                                                                                              
7560001300033P 010563100000020064454 000029483801011     10 224205815280000001502202500000000001000000000 02A03022025115022025000000000000003000000000000000000000000000000000000000000000000000000                         1000   090000000000 
7560001300034Q 011000031112058869MARCIA ROSA DE ARRUDA                   AVENIDA SALGADO FILHO ,3938             CENTRO         07115000      GUARULHOSSP0000000000000000                                        000                            
7560001300035R 01000000000000000000000000000000000000000000000000115022025000000000000200                                                                                                              0000000000000000 000000000000  0         
7560001300036S 013                                                                                                                                                                                                                              
7560001300037P 010563100000020064454 000029484501011     10 224149517040000001502202500000000001977500000 02A03022025115022025000000000000007000000000000000000000000000000000000000000000000000000                         1000   090000000000 
7560001300038Q 011000016027907878MARCIA SAPATA DA SILVA                  RUA NARAIN SINGH LUSCHINI ,149          PARQUE CONTINEN07085010      GUARULHOSSP0000000000000000                                        000                            
7560001300039R 01000000000000000000000000000000000000000000000000115022025000000000000396                                                                                                              0000000000000000 000000000000  0         
7560001300040S 013                                                                                                                                                                                                                              
7560001300041P 010563100000020064454 000029485201011     10 224077719030000001502202500000000001590000000 02A03022025115022025000000000000005000000000000000000000000000000000000000000000000000000                         1000   090000000000 
7560001300042Q 011000032297933827THALITA ALESSANDRA DE SOUZA             RUA ANTONIO GOMES ,135                  VILA SANTO ANTO07093090      GUARULHOSSP0000000000000000                                        000                            
7560001300043R 01000000000000000000000000000000000000000000000000115022025000000000000318                                                                                                              0000000000000000 000000000000  0         
7560001300044S 013                                                                                                                                                                                                                              
7560001300045P 010563100000020064454 000029486001011     10 224349620850000001502202500000000002100000000 02A03022025115022025000000000000007000000000000000000000000000000000000000000000000000000                         1000   090000000000 
7560001300046Q 011000028048739860MARCELO DORNAS PANHOTTA NEVES           RUA ANTONIO RABELLO ,50                 JARDIM ALIANCA 07063080      GUARULHOSSP0000000000000000                                        000                            
7560001300047R 01000000000000000000000000000000000000000000000000115022025000000000000420                                                                                                              0000000000000000 000000000000  0         
7560001300048S 013                                                                                                                                                                                                                              
7560001300049P 010563100000020064454 000029487701011     10 224382321120000001502202500000000003680000000 02A03022025115022025000000000000012000000000000000000000000000000000000000000000000000000                         1000   090000000000 
7560001300050Q 011000018600076862CAYO PARDOS LASTIRI                     AVENIDA AVELINO ALVES MACHADO ,561      JARDIM PINHAL  07120000      GUARULHOSSP0000000000000000                                        000                            
7560001300051R 01000000000000000000000000000000000000000000000000115022025000000000000736                                                                                                              0000000000000000 000000000000  0         
7560001300052S 013                                                                                                                                                                                                                              
7560001300053P 010563100000020064454 000029488401011     10 224444315830000001502202500000000006996000000 02A03022025115022025000000000000023000000000000000000000000000000000000000000000000000000                         1000   090000000000 
7560001300054Q 011000024985557811VIVIANE MAGLIANO                        RUA CATAO ,626                          VILA ROMANA    05049000      SAO PAULOSP0000000000000000                                        000                            
7560001300055R 01000000000000000000000000000000000000000000000000115022025000000000001399                                                                                                              0000000000000000 000000000000  0         
7560001300056S 013                                                                                                                                                                                                                              
7560001300057P 010563100000020064454 000029489101011     10 224434721400000001502202500000000002870000000 02A03022025115022025000000000000009000000000000000000000000000000000000000000000000000000                         1000   090000000000 
7560001300058Q 011000040723827877MARCEL DE FREITAS SANTOS                AVENIDA EMILIO RIBAS ,905               JARDIM TIJUCO  07020010      GUARULHOSSP0000000000000000                                        000                            
7560001300059R 01000000000000000000000000000000000000000000000000115022025000000000000574                                                                                                              0000000000000000 000000000000  0         
7560001300060S 013                                                                                                                                                                                                                              
7560001300061P 010563100000020064454 000029490001011     10 224507019930000001502202500000000002109400000 02A03022025115022025000000000000007000000000000000000000000000000000000000000000000000000                         1000   090000000000 
7560001300062Q 011000016909083865CATIA CIRLENE DE OLIVEIRA SANTOS        RUA ANUNCIATA ZACARDI CERCONI ,34       JARDIM VALERIA 07124545      GUARULHOSSP0000000000000000                                        000                            
7560001300063R 01000000000000000000000000000000000000000000000000115022025000000000000422                                                                                                              0000000000000000 000000000000  0         
7560001300064S 013                                                                                                                                                                                                                              
7560001300065P 010563100000020064454 000029491701011     10 224185820380000001502202500000000001800000000 02A03022025115022025000000000000006000000000000000000000000000000000000000000000000000000                         1000   090000000000 
7560001300066Q 011000028048739860MARCELO DORNAS PANHOTTA NEVES           RUA ANTONIO RABELLO ,50                 JARDIM ALIANCA 07063080      GUARULHOSSP0000000000000000                                        000                            
7560001300067R 01000000000000000000000000000000000000000000000000115022025000000000000360                                                                                                              0000000000000000 000000000000  0         
7560001300068S 013                                                                                                                                                                                                                              
7560001300069P 010563100000020064454 000029492401011     10 224184620370000001502202500000000002000000000 02A03022025115022025000000000000007000000000000000000000000000000000000000000000000000000                         1000   090000000000 
7560001300070Q 011000028048739860MARCELO DORNAS PANHOTTA NEVES           RUA ANTONIO RABELLO ,50                 JARDIM ALIANCA 07063080      GUARULHOSSP0000000000000000                                        000                            
7560001300071R 01000000000000000000000000000000000000000000000000115022025000000000000400                                                                                                              0000000000000000 000000000000  0         
7560001300072S 013                                                                                                                                                                                                                              
7560001300073P 010563100000020064454 000029493101011     10 224462121540000001502202500000000003350000000 02A03022025115022025000000000000011000000000000000000000000000000000000000000000000000000                         1000   090000000000 
7560001300074Q 011000047770715881REBECA LOPES GOMES                      RUA HENRIQUE LUZ ,300                   EMBURA         04893017      SAO PAULOSP0000000000000000                                        000                            
7560001300075R 01000000000000000000000000000000000000000000000000115022025000000000000670                                                                                                              0000000000000000 000000000000  0         
7560001300076S 013                                                                                                                                                                                                                              
7560001300077P 010563100000020064454 000029494901011     10 224402012740000001502202500000000000500000000 02A03022025115022025000000000000002000000000000000000000000000000000000000000000000000000                         1000   090000000000 
7560001300078Q 011000010779614488TANIA BARBOSA SANTOS                    AVENIDA DOM JAIME DE BARROS CAMARA ,945 PLANALTO       09895400SAO BERNARDO DOSP0000000000000000                                        000                            
7560001300079R 01000000000000000000000000000000000000000000000000115022025000000000000100                                                                                                              0000000000000000 000000000000  0         
7560001300080S 013                                                                                                                                                                                                                              
7560001300081P 010563100000020064454 000029495601011     10 224164620230000001502202500000000001500000000 02A03022025115022025000000000000005000000000000000000000000000000000000000000000000000000                         1000   090000000000 
7560001300082Q 011000052570518859VITOR VIEIRA ALBUQUERQUE                RUA NOSSA SENHORA MAE DOS HOMENS ,1153  VILA PROGRESSO 07091000      GUARULHOSSP0000000000000000                                        000                            
7560001300083R 01000000000000000000000000000000000000000000000000115022025000000000000300                                                                                                              0000000000000000 000000000000  0         
7560001300084S 013                                                                                                                                                                                                                              
7560001300085P 010563100000020064454 000029496301011     10 224526218560000001502202500000000006516900000 02A03022025115022025000000000000022000000000000000000000000000000000000000000000000000000                         1000   090000000000 
7560001300086Q 011000049482848829WEVERTON BATISTA DOS SANTOS             RUA CARLOS LEITE DOS SANTOS ,88         PARQUE ARARIBA 05778120      SAO PAULOSP0000000000000000                                        000                            
7560001300087R 01000000000000000000000000000000000000000000000000115022025000000000001303                                                                                                              0000000000000000 000000000000  0         
7560001300088S 013                                                                                                                                                                                                                              
75600015         00002200002200000000000644325000000000000000000000000000000000000000000000000000000000000000000000                                                                                                                             
75699999         000001000022000000                                                                                                                                                                                                             