75600000         232970660000191                    0563100000020098014 EDUULMC CURSOS DE IDIOMAS EIRESICOOB                                  10602202516280600000108100000                                                                     
75600011R01  040 2032970660000191                    0563100000020098014 EDUULMC CURSOS DE IDIOMAS EIRE                                                                                000049010602202500000000                                 
7560001300001P 010563100000020098014 000029570401011     10 224612921650000002002202500000000003872000000 02A06022025120022025000000000000013000000000000000000000000000000000000000000000000000000                         1000   090000000000 
7560001300002Q 011000032382904879MILENE DAMASCENO DOS SANTOS             RUA NARCIZO MILANEZ ,105                JARDIM EMILIA  06900310     ADAMANTINASP0000000000000000                                        000                            
7560001300003R 01000000000000000000000000000000000000000000000000120022025000000000000774                                                                                                              0000000000000000 000000000000  0         
7560001300004S 013                                                                                                                                                                                                                              
7560001300005P 010563100000020098014 000029571101011     10 224396018040000002002202500000000008305700000 02A06022025120022025000000000000027000000000000000000000000000000000000000000000000000000                         1000   090000000000 
7560001300006Q 011000027111775805CARLOS JOSE  FERREIRA DA COSTA          ALAMEDA JOAQUIM EUGENIO DE LIMA ,286    JARDIM PAULISTA01403000      SAO PAULOSP0000000000000000                                        000                            
7560001300007R 01000000000000000000000000000000000000000000000000120022025000000000001661                                                                                                              0000000000000000 000000000000  0         
7560001300008S 013                                                                                                                                                                                                                              
7560001300009P 010563100000020098014 000029572901011     10 224475815840000002002202500000000002459500000 02A06022025120022025000000000000008000000000000000000000000000000000000000000000000000000                         1000   090000000000 
7560001300010Q 011000043877622844DANIELLE AQUINO GASPAR                  RUA WALDEMAR DE PAULA FERREIRA ,331     JARDIM PRESIDEN07172010      GUARULHOSSP0000000000000000                                        000                            
7560001300011R 01000000000000000000000000000000000000000000000000120022025000000000000492                                                                                                              0000000000000000 000000000000  0         
7560001300012S 013                                                                                                                                                                                                                              
7560001300013P 010563100000020098014 000029573601011     10 224066916630000002002202500000000002500000000 02A06022025120022025000000000000008000000000000000000000000000000000000000000000000000000                         1000   090000000000 
7560001300014Q 011000029424248857ELIEZER QUEIROZ JUNIOR                  AVENIDA BRIGADEIRO FARIA LIMA ,1451     COCAIA         07130000      GUARULHOSSP0000000000000000                                        000                            
7560001300015R 01000000000000000000000000000000000000000000000000120022025000000000000500                                                                                                              0000000000000000 000000000000  0         
7560001300016S 013                                                                                                                                                                                                                              
7560001300017P 010563100000020098014 000029574301011     10 224431321400000002002202500000000004501200000 02A06022025120022025000000000000015000000000000000000000000000000000000000000000000000000                         1000   090000000000 
7560001300018Q 011000035766868863FELIPE ALVES DE SOUSA                   RUA ANTENOR DE SOUZA MELO ,454          JARDIM MARICA  08775370MOGI DAS CRUZESSP0000000000000000                                        000                            
7560001300019R 01000000000000000000000000000000000000000000000000120022025000000000000900                                                                                                              0000000000000000 000000000000  0         
7560001300020S 013                                                                                                                                                                                                                              
7560001300021P 010563100000020098014 000029575001011     10 224491429300000002002202500000000006921400000 02A06022025120022025000000000000023000000000000000000000000000000000000000000000000000000                         1000   090000000000 
7560001300022Q 011000003696482854NADIR FRANCISCO DO AMARAL               RUA DOS FRANCESES ,                     MORRO DOS INGLE01329010      SAO PAULOSP0000000000000000                                        000                            
7560001300023R 01000000000000000000000000000000000000000000000000120022025000000000001384                                                                                                              0000000000000000 000000000000  0         
7560001300024S 013                                                                                                                                                                                                                              
7560001300025P 010563100000020098014 000029576801011     10 224283515460000002002202500000000002719100000 02A06022025120022025000000000000009000000000000000000000000000000000000000000000000000000                         1000   090000000000 
7560001300026Q 011000052300786850LUIS ROBERTO OLIVEIRA                   RUA PROFESSOR WLADEMIR PEREIRA ,230     VILA SAO SILVES05386360      SAO PAULOSP0000000000000000                                        000                            
7560001300027R 01000000000000000000000000000000000000000000000000120022025000000000000544                                                                                                              0000000000000000 000000000000  0         
7560001300028S 013                                                                                                                                                                                                                              
7560001300029P 010563100000020098014 000029577501011     10 224451821470000002002202500000000002830000000 02A06022025120022025000000000000009000000000000000000000000000000000000000000000000000000                         1000   090000000000 
7560001300030Q 011000033022864817KELLY FERNANDA DA SILVA POVINELLI       AVENIDA SEBASTIAO RONCADA ,74           JARDIM DO SOL  14940690       IBITINGASP0000000000000000                                        000                            
7560001300031R 01000000000000000000000000000000000000000000000000120022025000000000000566                                                                                                              0000000000000000 000000000000  0         
7560001300032S 013                                                                                                                                                                                                                              
7560001300033P 010563100000020098014 000029578201011     10 224521420110000002002202500000000006943000000 02A06022025120022025000000000000023000000000000000000000000000000000000000000000000000000                         1000   090000000000 
7560001300034Q 011000028341411857TATIANA CRISTINA CARNEIRO VITORIANO     RUA EMILIANA ROSA DE ASSUNCAO ,108      VILA BUENOS AIR03627020      SAO PAULOSP0000000000000000                                        000                            
7560001300035R 01000000000000000000000000000000000000000000000000120022025000000000001389                                                                                                              0000000000000000 000000000000  0         
7560001300036S 013                                                                                                                                                                                                                              
75600015         00000900000900000000000410519000000000000000000000000000000000000000000000000000000000000000000000                                                                                                                             
75699999         000001000009000000                                                                                                                                                                                                             