75600000         219895217000135                    0563100000020064454 IWS CURSOS DE IDIOMAS LTDA    SICOOB                                  10608202409052300000108100000                                                                     
75600011R01  040 2019895217000135                    0563100000020064454 IWS CURSOS DE IDIOMAS LTDA                                                                                    000046800608202400000000                                 
7560001300001P 010563100000020064454 000027623101011     10 224354920850000001508202400000000000500000000 02A06082024115082024000000000000002000000000000000000000000000000000000000000000000000000                         1000   090000000000 
7560001300002Q 011000028048739860MARCELO DORNAS PANHOTTA NEVES           RUA ANTONIO RABELLO ,50                 JARDIM ALIANCA 07063080      GUARULHOSSP0000000000000000                                        000                            
7560001300003R 01000000000000000000000000000000000000000000000000115082024000000000000100                                                                                                              0000000000000000 000000000000  0         
7560001300004S 013                                                                                                                                                                                                                              
75600015         00000100000100000000000005000000000000000000000000000000000000000000000000000000000000000000000000                                                                                                                             
75699999         000001000001000000                                                                                                                                                                                                             