75600000         229492820000120                    0563100000020087306 ANEXA IDIOMAS LTDA            SICOOB                                  11706202413243500000108100000                                                                     
75600011R01  040 2029492820000120                    0563100000020087306 ANEXA IDIOMAS LTDA                                                                                            000046071706202400000000                                 
7560001300001P 010563100000020087306 000027104001011     10 224039119720000000107202400000000004800000000 02A17062024101072024000000000000016000000000000000000000000000000000000000000000000000000                         1000   090000000000 
7560001300002Q 011000034063550800ADRIANO CARNEVALI FERRO                 AV. DOM JAIME DE BARROS CAMARA ,357     PLANALTO       09895400SAO BERNARDO DOSP0000000000000000                                        000                            
7560001300003R 01000000000000000000000000000000000000000000000000101072024000000000000960                                                                                                              0000000000000000 000000000000  0         
7560001300004S 013                                                                                                                                                                                                                              
7560001300005P 010563100000020087306 000027105701011     10 224051295900000003006202400000000002220000000 02A17062024130062024000000000000007000000000000000000000000000000000000000000000000000000                         1000   090000000000 
7560001300006Q 011000028354882861JOAO PAULO MORGUETO                     AV. DOM JAIME DE BARROS CAMARA ,515     PLANALTO       09895400SAO BERNARDO DOSP0000000000000000                                        000                            
7560001300007R 01000000000000000000000000000000000000000000000000130062024000000000000444                                                                                                              0000000000000000 000000000000  0         
7560001300008S 013                                                                                                                                                                                                                              
7560001300009P 010563100000020087306 000027106401011     10 223923212700000003006202400000000001775000000 02A17062024130062024000000000000006000000000000000000000000000000000000000000000000000000                         1000   090000000000 
7560001300010Q 011000073446530363ANTONIO IRAILSON BEZERRA SABOIA         RUA PROFESSOR EDMUNDO VASCONCELOS ,158  VL JUPITER     09890420SAO BERNARDO DOSP0000000000000000                                        000                            
7560001300011R 01000000000000000000000000000000000000000000000000130062024000000000000355                                                                                                              0000000000000000 000000000000  0         
7560001300012S 013                                                                                                                                                                                                                              
7560001300013P 010563100000020087306 000027107101011     10 223926818600000003006202400000000003000000000 02A17062024130062024000000000000010000000000000000000000000000000000000000000000000000000                         1000   090000000000 
7560001300014Q 011000032827595842JONATHAN ARAUJO DE SOUZA                AVENIDA ROSICLAIR TORRES BATISTA ,861   TULIPAS        13212610        JUNDIAISP0000000000000000                                        000                            
7560001300015R 01000000000000000000000000000000000000000000000000130062024000000000000600                                                                                                              0000000000000000 000000000000  0         
7560001300016S 013                                                                                                                                                                                                                              
7560001300017P 010563100000020087306 000027108901011     10 224252420630000003006202400000000002830000000 02A17062024130062024000000000000009000000000000000000000000000000000000000000000000000000                         1000   090000000000 
7560001300018Q 011000044608181831LUANA HELENA BOM FARIAS                 AVENIDA DOM JAIME DE BARROS CAMARA ,670 PLANALTO       09895400SAO BERNARDO DOSP0000000000000000                                        000                            
7560001300019R 01000000000000000000000000000000000000000000000000130062024000000000000566                                                                                                              0000000000000000 000000000000  0         
7560001300020S 013                                                                                                                                                                                                                              
7560001300021P 010563100000020087306 000027109601011     10 224121219700000003006202400000000003000000000 02A17062024130062024000000000000010000000000000000000000000000000000000000000000000000000                         1000   090000000000 
7560001300022Q 011000000879236884RAQUEL DIAS RAMALHO                     RUA HEIZO NAKANO ,44                    DEMARCHI       09811901SAO BERNARDO DOSP0000000000000000                                        000                            
7560001300023R 01000000000000000000000000000000000000000000000000130062024000000000000600                                                                                                              0000000000000000 000000000000  0         
7560001300024S 013                                                                                                                                                                                                                              
7560001300025P 010563100000020087306 000027110401011     10 223890818610000003006202400000000002897000000 02A17062024130062024000000000000010000000000000000000000000000000000000000000000000000000                         1000   090000000000 
7560001300026Q 011000022328841805RICARDO MOREIRA BORGES                  RUA JABORANDI ,38                       JARDIM CONTINEN13225097VARZEA PAULISTASP0000000000000000                                        000                            
7560001300027R 01000000000000000000000000000000000000000000000000130062024000000000000579                                                                                                              0000000000000000 000000000000  0         
7560001300028S 013                                                                                                                                                                                                                              
7560001300029P 010563100000020087306 000027111101011     10 224055219950000003006202400000000003520000000 02A17062024130062024000000000000012000000000000000000000000000000000000000000000000000000                         1000   090000000000 
7560001300030Q 011000052635208832VICTOR GASPARINO BARBOSA                RUA LEILA GONCALVES ,449                VILA GONCALVES 09725050SAO BERNARDO DOSP0000000000000000                                        000                            
7560001300031R 01000000000000000000000000000000000000000000000000130062024000000000000704                                                                                                              0000000000000000 000000000000  0         
7560001300032S 013                                                                                                                                                                                                                              
75600015         00000800000800000000000240420000000000000000000000000000000000000000000000000000000000000000000000                                                                                                                             
75699999         000001000008000000                                                                                                                                                                                                             