75600000         219895217000135                    0563100000020064454 IWS CURSOS DE IDIOMAS LTDA    SICOOB                                  11006202412523200000108100000                                                                     
75600011R01  040 2019895217000135                    0563100000020064454 IWS CURSOS DE IDIOMAS LTDA                                                                                    000045971006202400000000                                 
7560001300001P 010563100000020064454 000027008001011     10 223788811630000002006202400000000003148200000 02A10062024120062024000000000000010000000000000000000000000000000000000000000000000000000                         1000   090000000000 
7560001300002Q 011000047950320842ANA CLARA DE SOUZA RODRIGUES            RUA ENDRES ,973                         VILA DAS BANDEI07043000      GUARULHOSSP0000000000000000                                        000                            
7560001300003R 01000000000000000000000000000000000000000000000000120062024000000000000630                                                                                                              0000000000000000 000000000000  0         
7560001300004S 013                                                                                                                                                                                                                              
7560001300005P 010563100000020064454 000027009701011     10 223962618370000002006202400000000001908000000 02A10062024120062024000000000000006000000000000000000000000000000000000000000000000000000                         1000   090000000000 
7560001300006Q 011000016695147817RENATO BEZERRA SANTANA                  ESTRADA AGUA CHATA ,3009                AGUA CHATA     07251000      GUARULHOSSP0000000000000000                                        000                            
7560001300007R 01000000000000000000000000000000000000000000000000120062024000000000000382                                                                                                              0000000000000000 000000000000  0         
7560001300008S 013                                                                                                                                                                                                                              
7560001300009P 010563100000020064454 000027010501011     10 223955819740000002506202400000000001800000000 02A10062024125062024000000000000006000000000000000000000000000000000000000000000000000000                         1000   090000000000 
7560001300010Q 011000028682214830MARCIA SILVA BONFIM DE SOUZA            RUA ITAVERAVA ,201                      CAMARGOS       07111040      GUARULHOSSP0000000000000000                                        000                            
7560001300011R 01000000000000000000000000000000000000000000000000125062024000000000000360                                                                                                              0000000000000000 000000000000  0         
7560001300012S 013                                                                                                                                                                                                                              
7560001300013P 010563100000020064454 000027011201011     10 224224119740000002506202400000000000500000000 02A10062024125062024000000000000002000000000000000000000000000000000000000000000000000000                         1000   090000000000 
7560001300014Q 011000028682214830MARCIA SILVA BONFIM DE SOUZA            RUA ITAVERAVA ,201                      CAMARGOS       07111040      GUARULHOSSP0000000000000000                                        000                            
7560001300015R 01000000000000000000000000000000000000000000000000125062024000000000000100                                                                                                              0000000000000000 000000000000  0         
7560001300016S 013                                                                                                                                                                                                                              
7560001300017P 010563100000020064454 000027012001011     10 223735872000000002506202400000000003731200000 02A10062024125062024000000000000012000000000000000000000000000000000000000000000000000000                         1000   090000000000 
7560001300018Q 011000033774740801BRUNA BRITO DE MIRANDA                  RUA MOURAD ,53                          VILA RIO DE JAN07124011      GUARULHOSSP0000000000000000                                        000                            
7560001300019R 01000000000000000000000000000000000000000000000000125062024000000000000746                                                                                                              0000000000000000 000000000000  0         
7560001300020S 013                                                                                                                                                                                                                              
7560001300021P 010563100000020064454 000027013701011     10 224044119830000002006202400000000002500000000 02A10062024120062024000000000000008000000000000000000000000000000000000000000000000000000                         1000   090000000000 
7560001300022Q 011000044504887843CAMILA SILVA BARCELOS                   RUA UNIAO ,36                           VALE DOS MACHAD07082660      GUARULHOSSP0000000000000000                                        000                            
7560001300023R 01000000000000000000000000000000000000000000000000120062024000000000000500                                                                                                              0000000000000000 000000000000  0         
7560001300024S 013                                                                                                                                                                                                                              
7560001300025P 010563100000020064454 000027014401011     10 224125820150000002006202400000000001990000000 02A10062024120062024000000000000007000000000000000000000000000000000000000000000000000000                         1000   090000000000 
7560001300026Q 011000018352738828SILVIA CRISTINA DE SOUZA                AVENIDA ROTARY ,680                     VILA DAS BANDEI07042000      GUARULHOSSP0000000000000000                                        000                            
7560001300027R 01000000000000000000000000000000000000000000000000120062024000000000000398                                                                                                              0000000000000000 000000000000  0         
7560001300028S 013                                                                                                                                                                                                                              
7560001300029P 010563100000020064454 000027015101011     10 224187494200000002506202400000000006500000000 02A10062024125062024000000000000021000000000000000000000000000000000000000000000000000000                         1000   090000000000 
7560001300030Q 011000015450028865ELISABETE JOIA MINELLI CAMPOS           RUA CABO JOAO TERUEL FREGONI ,307       PONTE GRANDE   07032000      GUARULHOSSP0000000000000000                                        000                            
7560001300031R 01000000000000000000000000000000000000000000000000125062024000000000001300                                                                                                              0000000000000000 000000000000  0         
7560001300032S 013                                                                                                                                                                                                                              
7560001300033P 010563100000020064454 000027016901011     10 224249718430000002006202400000000002372000000 02A10062024120062024000000000000008000000000000000000000000000000000000000000000000000000                         1000   090000000000 
7560001300034Q 011000021895277833ERIC HENRIQUE VASCONCELLOS SANTOS       RUA CONEGO VALADAO ,161                 GOPOUVA        07040000      GUARULHOSSP0000000000000000                                        000                            
7560001300035R 01000000000000000000000000000000000000000000000000120062024000000000000474                                                                                                              0000000000000000 000000000000  0         
7560001300036S 013                                                                                                                                                                                                                              
7560001300037P 010563100000020064454 000027017601011     10 223984218940000002006202400000000002544000000 02A10062024120062024000000000000008000000000000000000000000000000000000000000000000000000                         1000   090000000000 
7560001300038Q 011000032198572800EVANDRO CARDOSO SOUZA                   RUA SANTA IZABEL ,329                   VILA AUGUSTA   07023022      GUARULHOSSP0000000000000000                                        000                            
7560001300039R 01000000000000000000000000000000000000000000000000120062024000000000000509                                                                                                              0000000000000000 000000000000  0         
7560001300040S 013                                                                                                                                                                                                                              
7560001300041P 010563100000020064454 000027018301011     10 223985418940000002006202400000000002544000000 02A10062024120062024000000000000008000000000000000000000000000000000000000000000000000000                         1000   090000000000 
7560001300042Q 011000032198572800EVANDRO CARDOSO SOUZA                   RUA SANTA IZABEL ,329                   VILA AUGUSTA   07023022      GUARULHOSSP0000000000000000                                        000                            
7560001300043R 01000000000000000000000000000000000000000000000000120062024000000000000509                                                                                                              0000000000000000 000000000000  0         
7560001300044S 013                                                                                                                                                                                                                              
7560001300045P 010563100000020064454 000027019001011     10 223741815580000002006202400000000002915000000 02A10062024120062024000000000000010000000000000000000000000000000000000000000000000000000                         1000   090000000000 
7560001300046Q 011000029368330867FABIO JURCZYSZYN                        AVENIDA MARIA ESTELA ,197               JARDIM MARIA ES04180010      SAO PAULOSP0000000000000000                                        000                            
7560001300047R 01000000000000000000000000000000000000000000000000120062024000000000000583                                                                                                              0000000000000000 000000000000  0         
7560001300048S 013                                                                                                                                                                                                                              
7560001300049P 010563100000020064454 000027020901011     10 224249418470000002006202400000000002517600000 02A10062024120062024000000000000008000000000000000000000000000000000000000000000000000000                         1000   090000000000 
7560001300050Q 011000021895277833ERIC HENRIQUE VASCONCELLOS SANTOS       RUA CONEGO VALADAO ,161                 GOPOUVA        07040000      GUARULHOSSP0000000000000000                                        000                            
7560001300051R 01000000000000000000000000000000000000000000000000120062024000000000000504                                                                                                              0000000000000000 000000000000  0         
7560001300052S 013                                                                                                                                                                                                                              
7560001300053P 010563100000020064454 000027021601011     10 223849918030000002506202400000000007886400000 02A10062024125062024000000000000026000000000000000000000000000000000000000000000000000000                         1000   090000000000 
7560001300054Q 011000035707793860FRANCINE RAMONEDA NUNES DOS SANTOS      RUA CHIARA LUBICH ,371                  JARDIM ERMIDA I13212117        JUNDIAISP0000000000000000                                        000                            
7560001300055R 01000000000000000000000000000000000000000000000000125062024000000000001577                                                                                                              0000000000000000 000000000000  0         
7560001300056S 013                                                                                                                                                                                                                              
7560001300057P 010563100000020064454 000027022301011     10 223917218130000002506202400000000001898500000 02A10062024125062024000000000000006000000000000000000000000000000000000000000000000000000                         1000   090000000000 
7560001300058Q 011000028682214830MARCIA SILVA BONFIM DE SOUZA            RUA ITAVERAVA ,201                      CAMARGOS       07111040      GUARULHOSSP0000000000000000                                        000                            
7560001300059R 01000000000000000000000000000000000000000000000000125062024000000000000380                                                                                                              0000000000000000 000000000000  0         
7560001300060S 013                                                                                                                                                                                                                              
7560001300061P 010563100000020064454 000027023001011     10 223881212500000002506202400000000004081000000 02A10062024125062024000000000000013000000000000000000000000000000000000000000000000000000                         1000   090000000000 
7560001300062Q 011000042566921857GUSTAVO SALES SANCHES                   RUA LEON DINIZ ,146                     JARDIM TRANQUIL07054070      GUARULHOSSP0000000000000000                                        000                            
7560001300063R 01000000000000000000000000000000000000000000000000125062024000000000000816                                                                                                              0000000000000000 000000000000  0         
7560001300064S 013                                                                                                                                                                                                                              
7560001300065P 010563100000020064454 000027024801011     10 223995016110000002506202400000000002320300000 02A10062024125062024000000000000008000000000000000000000000000000000000000000000000000000                         1000   090000000000 
7560001300066Q 011000016059959830SILVANA FERREIRA DAMACENA               RUA MARIO LUIZ MACCA ,309               JARDIM PONTE AL07179130      GUARULHOSSP0000000000000000                                        000                            
7560001300067R 01000000000000000000000000000000000000000000000000125062024000000000000464                                                                                                              0000000000000000 000000000000  0         
7560001300068S 013                                                                                                                                                                                                                              
7560001300069P 010563100000020064454 000027025501011     10 223925695000000002506202400000000002425300000 02A10062024125062024000000000000008000000000000000000000000000000000000000000000000000000                         1000   090000000000 
7560001300070Q 011000009304309808SOLANGE ZUANETTI FERNANDES DA SILVA     RUA DOM JOAO ,86                        JARDIM TEREZOPO07082073     ADAMANTINASP0000000000000000                                        000                            
7560001300071R 01000000000000000000000000000000000000000000000000125062024000000000000485                                                                                                              0000000000000000 000000000000  0         
7560001300072S 013                                                                                                                                                                                                                              
7560001300073P 010563100000020064454 000027026201011     10 224001014760000002006202400000000003150000000 02A10062024120062024000000000000010000000000000000000000000000000000000000000000000000000                         1000   090000000000 
7560001300074Q 011000043062398884KARINE ARAUJO DOS ANJOS                 RUA DONA ANTONIA ,269                   VILA DAS PALMEI07021000      GUARULHOSSP0000000000000000                                        000                            
7560001300075R 01000000000000000000000000000000000000000000000000120062024000000000000630                                                                                                              0000000000000000 000000000000  0         
7560001300076S 013                                                                                                                                                                                                                              
7560001300077P 010563100000020064454 000027027001011     10 224162420220000002006202400000000002500000000 02A10062024120062024000000000000008000000000000000000000000000000000000000000000000000000                         1000   090000000000 
7560001300078Q 011000038692878880LAIS NATACHA DE ARAUJO FUJITA           RUA MINISTRO BARROS PIMENTEL ,00        PARQUE MARIA LU03451130      SAO PAULOSP0000000000000000                                        000                            
7560001300079R 01000000000000000000000000000000000000000000000000120062024000000000000500                                                                                                              0000000000000000 000000000000  0         
7560001300080S 013                                                                                                                                                                                                                              
7560001300081P 010563100000020064454 000027028701011     10 223932832200000002006202400000000002650000000 02A10062024120062024000000000000009000000000000000000000000000000000000000000000000000000                         1000   090000000000 
7560001300082Q 011000037621716886LAYS MELO DE OLIVEIRA                   AVENIDA FLORINDA MARTINS BARBOSA ,283   JARDIM PALMIRA 07076100      GUARULHOSSP0000000000000000                                        000                            
7560001300083R 01000000000000000000000000000000000000000000000000120062024000000000000530                                                                                                              0000000000000000 000000000000  0         
7560001300084S 013                                                                                                                                                                                                                              
7560001300085P 010563100000020064454 000027029401011     10 223856519590000002006202400000000006000000000 02A10062024120062024000000000000020000000000000000000000000000000000000000000000000000000                         1000   090000000000 
7560001300086Q 011000027789099825DANIELA COLAPIETRO RODRIGUES            RUA CECILIA RODRIGUES SIQUEIRA ,        JARDIM CIDADE U58051830    JOAO PESSOAPB0000000000000000                                        000                            
7560001300087R 01000000000000000000000000000000000000000000000000120062024000000000001200                                                                                                              0000000000000000 000000000000  0         
7560001300088S 013                                                                                                                                                                                                                              
7560001300089P 010563100000020064454 000027030201011     10 223759835400000002006202400000000002546500000 02A10062024120062024000000000000008000000000000000000000000000000000000000000000000000000                         1000   090000000000 
7560001300090Q 011000021920881832MARCELO DA SILVA FREIRE                 RUA CONSUL ORESTES CORREA ,383          MACEDO         07197040      GUARULHOSSP0000000000000000                                        000                            
7560001300091R 01000000000000000000000000000000000000000000000000120062024000000000000509                                                                                                              0000000000000000 000000000000  0         
7560001300092S 013                                                                                                                                                                                                                              
7560001300093P 010563100000020064454 000027031001011     10 224007016170000002006202400000000002320300000 02A10062024120062024000000000000008000000000000000000000000000000000000000000000000000000                         1000   090000000000 
7560001300094Q 011000025095916819EDUARDO ALMEIDA ALENCAR ARRAIS          RUA MIGUEL BIONDI ,82                   JARDIM ALIANCA 07060080      GUARULHOSSP0000000000000000                                        000                            
7560001300095R 01000000000000000000000000000000000000000000000000120062024000000000000464                                                                                                              0000000000000000 000000000000  0         
7560001300096S 013                                                                                                                                                                                                                              
7560001300097P 010563100000020064454 000027032701011     10 224098337600000002006202400000000002500000000 02A10062024120062024000000000000008000000000000000000000000000000000000000000000000000000                         1000   090000000000 
7560001300098Q 011000031073432858MARIA ISABEL OLIVEIRA HAYASHI           RUA ANTONIO GOMES ,132                  VILA SANTO ANTO07093090      GUARULHOSSP0000000000000000                                        000                            
7560001300099R 01000000000000000000000000000000000000000000000000120062024000000000000500                                                                                                              0000000000000000 000000000000  0         
7560001300100S 013                                                                                                                                                                                                                              
7560001300101P 010563100000020064454 000027033401011     10 224182020360000002006202400000000002870000000 02A10062024120062024000000000000009000000000000000000000000000000000000000000000000000000                         1000   090000000000 
7560001300102Q 011000036613110850NATALIA APARECIDA DE PAULA RIBEIRO      RUA ENDRES ,325                         VILA DAS BANDEI07043000      GUARULHOSSP0000000000000000                                        000                            
7560001300103R 01000000000000000000000000000000000000000000000000120062024000000000000574                                                                                                              0000000000000000 000000000000  0         
7560001300104S 013                                                                                                                                                                                                                              
7560001300105P 010563100000020064454 000027034101011     10 223941212580000002506202400000000004081000000 02A10062024125062024000000000000013000000000000000000000000000000000000000000000000000000                         1000   090000000000 
7560001300106Q 011000044218123829NATHALIA VIRGINIA GOMES                 RUA FERNANDO LUZ ,290                   AGUA CHATA     07251365      GUARULHOSSP0000000000000000                                        000                            
7560001300107R 01000000000000000000000000000000000000000000000000125062024000000000000816                                                                                                              0000000000000000 000000000000  0         
7560001300108S 013                                                                                                                                                                                                                              
7560001300109P 010563100000020064454 000027035901011     10 224085319050000002506202400000000001908000000 02A10062024125062024000000000000006000000000000000000000000000000000000000000000000000000                         1000   090000000000 
7560001300110Q 011000027567853850CRISTIANE DORNAS PANHOTTA ARAUJO        RUA JOAO ARTONI ,170                    JARDIM TESTAE  07130510      GUARULHOSSP0000000000000000                                        000                            
7560001300111R 01000000000000000000000000000000000000000000000000125062024000000000000382                                                                                                              0000000000000000 000000000000  0         
7560001300112S 013                                                                                                                                                                                                                              
7560001300113P 010563100000020064454 000027036601011     10 223944812590000002506202400000000003710000000 02A10062024125062024000000000000012000000000000000000000000000000000000000000000000000000                         1000   090000000000 
7560001300114Q 011000041028268823RODRIGO SANTIEGO DA SILVA               RUA FERNANDO LUZ ,290                   AGUA CHATA     07251365      GUARULHOSSP0000000000000000                                        000                            
7560001300115R 01000000000000000000000000000000000000000000000000125062024000000000000742                                                                                                              0000000000000000 000000000000  0         
7560001300116S 013                                                                                                                                                                                                                              
7560001300117P 010563100000020064454 000027037301011     10 223711816550000002006202400000000001865600000 02A10062024120062024000000000000006000000000000000000000000000000000000000000000000000000                         1000   090000000000 
7560001300118Q 011000034327342807SHEILA NUNES DE SOUZA                   RUA PORTO ALEGRE ,325                   PARQUE JANDAIA 07261080      GUARULHOSSP0000000000000000                                        000                            
7560001300119R 01000000000000000000000000000000000000000000000000120062024000000000000373                                                                                                              0000000000000000 000000000000  0         
7560001300120S 013                                                                                                                                                                                                                              
7560001300121P 010563100000020064454 000027038001011     10 224225320520000002506202400000000001500000000 02A10062024125062024000000000000005000000000000000000000000000000000000000000000000000000                         1000   090000000000 
7560001300122Q 011000051428027807SOPHIA REIS MAIA                        RUA VALE DO CARIRI ,400                 VILA NOVA MAZZE02317060      SAO PAULOSP0000000000000000                                        000                            
7560001300123R 01000000000000000000000000000000000000000000000000125062024000000000000300                                                                                                              0000000000000000 000000000000  0         
7560001300124S 013                                                                                                                                                                                                                              
7560001300125P 010563100000020064454 000027039801011     10 223854757200000002006202400000000003710000000 02A10062024120062024000000000000012000000000000000000000000000000000000000000000000000000                         1000   090000000000 
7560001300126Q 011000026425715804WALQUIRIA BATISTA DA SILVA              RUA AFONSO CUNHA ,1352                  JARDIM CUMBICA 07240370      GUARULHOSSP0000000000000000                                        000                            
7560001300127R 01000000000000000000000000000000000000000000000000120062024000000000000742                                                                                                              0000000000000000 000000000000  0         
7560001300128S 013                                                                                                                                                                                                                              
7560001300129P 010563100000020064454 000027040601011     10 224131820190000002506202400000000002000000000 02A10062024125062024000000000000007000000000000000000000000000000000000000000000000000000                         1000   090000000000 
7560001300130Q 011000012934327760WHENNY OLIVEIRA RIBEIRO                 RUA SARGENTO DA AERONAUTICA ARIOVAL,633 CIDADE JARDIM C07181240      GUARULHOSSP0000000000000000                                        000                            
7560001300131R 01000000000000000000000000000000000000000000000000125062024000000000000400                                                                                                              0000000000000000 000000000000  0         
7560001300132S 013                                                                                                                                                                                                                              
75600015         00003300003300000000000968929000000000000000000000000000000000000000000000000000000000000000000000                                                                                                                             
75699999         000001000033000000                                                                                                                                                                                                             