75600000         219895217000135                    0563100000020064454 IWS CURSOS DE IDIOMAS LTDA    SICOOB                                  12701202515523800000108100000                                                                     
75600011R01  040 2019895217000135                    0563100000020064454 IWS CURSOS DE IDIOMAS LTDA                                                                                    000048752701202500000000                                 
7560001300001P 010563100000020064454 000029377101011     10 224484220700000001002202500000000003472800000 02A27012025110022025000000000000011000000000000000000000000000000000000000000000000000000                         1000   090000000000 
7560001300002Q 011000009240151796FABIANA CRISTINA DE OLIVEIRA            RUA FRANCISCO PUGLIESSE ,367            JARDIM RIZZO   05587040      SAO PAULOSP0000000000000000                                        000                            
7560001300003R 01000000000000000000000000000000000000000000000000110022025000000000000695                                                                                                              0000000000000000 000000000000  0         
7560001300004S 013                                                                                                                                                                                                                              
7560001300005P 010563100000020064454 000029378901011     10 224404512010000001002202500000000003460700000 02A27012025110022025000000000000011000000000000000000000000000000000000000000000000000000                         1000   090000000000 
7560001300006Q 011000037917191818JACQUELINE ALVES TAMURA                 AVENIDA TIRADENTES ,                    JARDIM GUARULHO07090000      GUARULHOSSP0000000000000000                                        000                            
7560001300007R 01000000000000000000000000000000000000000000000000110022025000000000000692                                                                                                              0000000000000000 000000000000  0         
7560001300008S 013                                                                                                                                                                                                                              
75600015         00000200000200000000000069335000000000000000000000000000000000000000000000000000000000000000000000                                                                                                                             
75699999         000001000002000000                                                                                                                                                                                                             