75600000         232970660000191                    0563100000020098014 EDUULMC CURSOS DE IDIOMAS EIRESICOOB                                  12509202408525600000108100000                                                                     
75600011R01  040 2032970660000191                    0563100000020098014 EDUULMC CURSOS DE IDIOMAS EIRE                                                                                000047512509202400000000                                 
7560001300001P 010563100000020098014 000028129501011     10 224103931000000000510202400000000017145000000 02A25092024105102024000000000000057000000000000000000000000000000000000000000000000000000                         1000   090000000000 
7560001300002Q 012061139622000190LILLA                                   RUA CONSTANCIO COLALILO ,382            VILA AUGUSTA   07024150      GUARULHOSSP0000000000000000                                        000                            
7560001300003R 01000000000000000000000000000000000000000000000000105102024000000000003429                                                                                                              0000000000000000 000000000000  0         
7560001300004S 013                                                                                                                                                                                                                              
75600015         00000100000100000000000171450000000000000000000000000000000000000000000000000000000000000000000000                                                                                                                             
75699999         000001000001000000                                                                                                                                                                                                             