75600000         229492820000120                    0563100000020087306 ANEXA IDIOMAS LTDA            SICOOB                                  13107202413483100000108100000                                                                     
75600011R01  040 2029492820000120                    0563100000020087306 ANEXA IDIOMAS LTDA                                                                                            000046713107202400000000                                 
7560001300001P 010563100000020087306 000027585301011     10 223787817800000001508202400000000006360000000 02A31072024115082024000000000000021000000000000000000000000000000000000000000000000000000                         1000   090000000000 
7560001300002Q 011000017234413847ALESSANDRA MORAIS DE GRAZIA             AVENIDA DOM JAIME DE BARROS CAMARA ,565 PLANALTO       09895400SAO BERNARDO DOSP0000000000000000                                        000                            
7560001300003R 01000000000000000000000000000000000000000000000000115082024000000000001272                                                                                                              0000000000000000 000000000000  0         
7560001300004S 013                                                                                                                                                                                                                              
7560001300005P 010563100000020087306 000027586001011     10 224260115470000001508202400000000002915000000 02A31072024115082024000000000000010000000000000000000000000000000000000000000000000000000                         1000   090000000000 
7560001300006Q 011000016136232839VALDIRENE CORREIA DE LIMA PEREIRA       AVENIDA SARA ZIRLIS ,222                VILA LUTECIA   09130220    SANTO ANDRESP0000000000000000                                        000                            
7560001300007R 01000000000000000000000000000000000000000000000000115082024000000000000583                                                                                                              0000000000000000 000000000000  0         
7560001300008S 013                                                                                                                                                                                                                              
7560001300009P 010563100000020087306 000027587801011     10 223967613360000001508202400000000001574100000 02A31072024115082024000000000000005000000000000000000000000000000000000000000000000000000                         1000   090000000000 
7560001300010Q 011000034193427803EDVANIA SILVA PEREIRA                   AV DOM JAIME DE BARROS CAMARA ,763      BL 03 AP 803   09895400SAO BERNARDO DOSP0000000000000000                                        000                            
7560001300011R 01000000000000000000000000000000000000000000000000115082024000000000000315                                                                                                              0000000000000000 000000000000  0         
7560001300012S 013                                                                                                                                                                                                                              
7560001300013P 010563100000020087306 000027588501011     10 224267319460000001508202400000000001897400000 02A31072024115082024000000000000006000000000000000000000000000000000000000000000000000000                         1000   090000000000 
7560001300014Q 011000000580681637VIVIANE DALCIN GARCIA DE OLIVEIRA       AVENIDA DOM JAIME DE BARROS CAMARA ,515 PLANALTO       09895400SAO BERNARDO DOSP0000000000000000                                        000                            
7560001300015R 01000000000000000000000000000000000000000000000000115082024000000000000379                                                                                                              0000000000000000 000000000000  0         
7560001300016S 013                                                                                                                                                                                                                              
7560001300017P 010563100000020087306 000027589201011     10 224293020700000001508202400000000002992000000 02A31072024115082024000000000000010000000000000000000000000000000000000000000000000000000                         1000   090000000000 
7560001300018Q 011000039327875877DJALMA DUCA DE AMORIM JUNIOR            RUA BRIGADEIRO GODINHO DOS SANTOS ,756  VILA PIRITUBA  05172180      SAO PAULOSP0000000000000000                                        000                            
7560001300019R 01000000000000000000000000000000000000000000000000115082024000000000000598                                                                                                              0000000000000000 000000000000  0         
7560001300020S 013                                                                                                                                                                                                                              
7560001300021P 010563100000020087306 000027590001011     10 224234520600000001508202400000000002200000000 02A31072024115082024000000000000007000000000000000000000000000000000000000000000000000000                         1000   090000000000 
7560001300022Q 011000032306643881JULIANA CRUZ BARROS GOMES               RUA ANTONIO SANCHES FILHO ,54           PLANALTO       09896020SAO BERNARDO DOSP0000000000000000                                        000                            
7560001300023R 01000000000000000000000000000000000000000000000000115082024000000000000440                                                                                                              0000000000000000 000000000000  0         
7560001300024S 013                                                                                                                                                                                                                              
7560001300025P 010563100000020087306 000027591801011     10 224073516190000001508202400000000001775000000 02A31072024115082024000000000000006000000000000000000000000000000000000000000000000000000                         1000   090000000000 
7560001300026Q 011000073446530363ANTONIO IRAILSON BEZERRA SABOIA         RUA PROFESSOR EDMUNDO VASCONCELOS ,158  VL JUPITER     09890420SAO BERNARDO DOSP0000000000000000                                        000                            
7560001300027R 01000000000000000000000000000000000000000000000000115082024000000000000355                                                                                                              0000000000000000 000000000000  0         
7560001300028S 013                                                                                                                                                                                                                              
7560001300029P 010563100000020087306 000027592501011     10 224207615290000001608202400000000002915000000 02A31072024116082024000000000000010000000000000000000000000000000000000000000000000000000                         1000   090000000000 
7560001300030Q 011000028645823845EDNALVA RITA BEZERRA                    RUA RIO PRETO ,679                      VILA VALPARAISO09060090     ADAMANTINASP0000000000000000                                        000                            
7560001300031R 01000000000000000000000000000000000000000000000000116082024000000000000583                                                                                                              0000000000000000 000000000000  0         
7560001300032S 013                                                                                                                                                                                                                              
7560001300033P 010563100000020087306 000027593201011     10 224175820310000001508202400000000002220000000 02A31072024115082024000000000000007000000000000000000000000000000000000000000000000000000                         1000   090000000000 
7560001300034Q 011000056970711838MARCELA ROBERTA DE ALMEIDA SILVA        AVENIDA DOM JAIME DE BARROS CAMARA ,825 PLANALTO       09895400SAO BERNARDO DOSP0000000000000000                                        000                            
7560001300035R 01000000000000000000000000000000000000000000000000115082024000000000000444                                                                                                              0000000000000000 000000000000  0         
7560001300036S 013                                                                                                                                                                                                                              
7560001300037P 010563100000020087306 000027594001011     10 224075916320000001608202400000000002236000000 02A31072024116082024000000000000007000000000000000000000000000000000000000000000000000000                         1000   090000000000 
7560001300038Q 011000026421529879RENATA CRISTINA SOLHA PEREZ             AVENIDA DOM JAIME DE BARROS CAMARA ,945 PLANALTO       09895400SAO BERNARDO DOSP0000000000000000                                        000                            
7560001300039R 01000000000000000000000000000000000000000000000000116082024000000000000447                                                                                                              0000000000000000 000000000000  0         
7560001300040S 013                                                                                                                                                                                                                              
7560001300041P 010563100000020087306 000027595701011     10 224279368600000001508202400000000003136400000 02A31072024115082024000000000000010000000000000000000000000000000000000000000000000000000                         1000   090000000000 
7560001300042Q 011000088679497487PATRICIA FRAZAO DE OLIVEIRA             RUA SILVIA ,10                          BELA VISTA     01331010      SAO PAULOSP0000000000000000                                        000                            
7560001300043R 01000000000000000000000000000000000000000000000000115082024000000000000627                                                                                                              0000000000000000 000000000000  0         
7560001300044S 013                                                                                                                                                                                                                              
7560001300045P 010563100000020087306 000027596401011     10 224281717730000001508202400000000002236000000 02A31072024115082024000000000000007000000000000000000000000000000000000000000000000000000                         1000   090000000000 
7560001300046Q 011000028030189850ANDREIA CRISTINA SIGNER                 RUA YAYA ,206                           CANHEMA        09941445        DIADEMASP0000000000000000                                        000                            
7560001300047R 01000000000000000000000000000000000000000000000000115082024000000000000447                                                                                                              0000000000000000 000000000000  0         
7560001300048S 013                                                                                                                                                                                                                              
7560001300049P 010563100000020087306 000027597101011     10 223958019760000001508202400000000003720000000 02A31072024115082024000000000000012000000000000000000000000000000000000000000000000000000                         1000   090000000000 
7560001300050Q 011000030970779879MARCIO DANIEL SANCHES                   AVENIDA DOM JAIME DE BARROS CAMARA ,670 PLANALTO       09895400SAO BERNARDO DOSP0000000000000000                                        000                            
7560001300051R 01000000000000000000000000000000000000000000000000115082024000000000000744                                                                                                              0000000000000000 000000000000  0         
7560001300052S 013                                                                                                                                                                                                                              
7560001300053P 010563100000020087306 000027598901011     10 224012013630000001508202400000000006413000000 02A31072024115082024000000000000021000000000000000000000000000000000000000000000000000000                         1000   090000000000 
7560001300054Q 011000011975390857ROSANA GONCALVES DE OLIVEIRA            AVENIDA DOM JAIME DE BARROS CAMARA ,715 PLANALTO       09895400SAO BERNARDO DOSP0000000000000000                                        000                            
7560001300055R 01000000000000000000000000000000000000000000000000115082024000000000001283                                                                                                              0000000000000000 000000000000  0         
7560001300056S 013                                                                                                                                                                                                                              
7560001300057P 010563100000020087306 000027599601011     10 224015618780000001508202400000000003016500000 02A31072024115082024000000000000010000000000000000000000000000000000000000000000000000000                         1000   090000000000 
7560001300058Q 011000042915794898MAYARA LUCAS DE OLIVEIRA DUCA           RUA BRIGADEIRO GODINHO DOS SANTOS  ,756 PIRITUBA       05172180      SAO PAULOSP0000000000000000                                        000                            
7560001300059R 01000000000000000000000000000000000000000000000000115082024000000000000603                                                                                                              0000000000000000 000000000000  0         
7560001300060S 013                                                                                                                                                                                                                              
7560001300061P 010563100000020087306 000027600001011     10 224108120060000001508202400000000002200000000 02A31072024115082024000000000000007000000000000000000000000000000000000000000000000000000                         1000   090000000000 
7560001300062Q 011000017121273810MARCIA CASTRO OLIVEIRA                  AVENIDA DOM JAIME DE BARROS CAMARA ,515 PLANALTO       09895400SAO BERNARDO DOSP0000000000000000                                        000                            
7560001300063R 01000000000000000000000000000000000000000000000000115082024000000000000440                                                                                                              0000000000000000 000000000000  0         
7560001300064S 013                                                                                                                                                                                                                              
7560001300065P 010563100000020087306 000027601701011     10 224348920060000001508202400000000001350000000 02A31072024115082024000000000000004000000000000000000000000000000000000000000000000000000                         1000   090000000000 
7560001300066Q 011000017121273810MARCIA CASTRO OLIVEIRA                  AVENIDA DOM JAIME DE BARROS CAMARA ,515 PLANALTO       09895400SAO BERNARDO DOSP0000000000000000                                        000                            
7560001300067R 01000000000000000000000000000000000000000000000000115082024000000000000270                                                                                                              0000000000000000 000000000000  0         
7560001300068S 013                                                                                                                                                                                                                              
75600015         00001700001700000000000491564000000000000000000000000000000000000000000000000000000000000000000000                                                                                                                             
75699999         000001000017000000                                                                                                                                                                                                             