75600000         232970660000191                    0563100000020098014 EDUULMC CURSOS DE IDIOMAS EIRESICOOB                                  12801202511375800000108100000                                                                     
75600011R01  040 2032970660000191                    0563100000020098014 EDUULMC CURSOS DE IDIOMAS EIRE                                                                                000048812801202500000000                                 
7560001300001P 010563100000020098014 000029462301011     10 224623219120000000502202500000000001500000000 02A28012025105022025000000000000005000000000000000000000000000000000000000000000000000000                         1000   090000000000 
7560001300002Q 011000020272815845ALEX SANDRO CHELA                       RUA HAYAKO YAMAUCHI ,32                 POLVILHO       07793440        CAJAMARSP0000000000000000                                        000                            
7560001300003R 01000000000000000000000000000000000000000000000000105022025000000000000300                                                                                                              0000000000000000 000000000000  0         
7560001300004S 013                                                                                                                                                                                                                              
75600015         00000100000100000000000015000000000000000000000000000000000000000000000000000000000000000000000000                                                                                                                             
75699999         000001000001000000                                                                                                                                                                                                             