75600000         229492820000120                    0563100000020087306 ANEXA IDIOMAS LTDA            SICOOB                                  10807202410545800000108100000                                                                     
75600011R01  040 2029492820000120                    0563100000020087306 ANEXA IDIOMAS LTDA                                                                                            000046380807202400000000                                 
7560001300001P 010563100000020087306 000027367701011     10 223916112720000002507202400000000002385000000 02A08072024125072024000000000000008000000000000000000000000000000000000000000000000000000                         1000   090000000000 
7560001300002Q 011000028642395826CARLA REGINA DE ARAUJO                  AVENIDA DOM JAIME DE BARROS CAMARA ,885 PLANALTO       09895400SAO BERNARDO DOSP0000000000000000                                        000                            
7560001300003R 01000000000000000000000000000000000000000000000000125072024000000000000477                                                                                                              0000000000000000 000000000000  0         
7560001300004S 013                                                                                                                                                                                                                              
7560001300005P 010563100000020087306 000027368401011     10 224241411150000002507202400000000003033700000 02A08072024125072024000000000000010000000000000000000000000000000000000000000000000000000                         1000   090000000000 
7560001300006Q 011000098449648491MARIA HELENA DOS REIS                   RUA JOAO DOMINGUES TAVARES ,90          PLANALTO       09895010SAO BERNARDO DOSP0000000000000000                                        000                            
7560001300007R 01000000000000000000000000000000000000000000000000125072024000000000000607                                                                                                              0000000000000000 000000000000  0         
7560001300008S 013                                                                                                                                                                                                                              
7560001300009P 010563100000020087306 000027369101011     10 223938913070000002507202400000000002320300000 02A08072024125072024000000000000008000000000000000000000000000000000000000000000000000000                         1000   090000000000 
7560001300010Q 011000014930017874MARCOS DONIZETE DOS SANTOS              AVENIDA DOM JAIME DE BARROS CAMARA ,885 PLANALTO       09895400SAO BERNARDO DOSP0000000000000000                                        000                            
7560001300011R 01000000000000000000000000000000000000000000000000125072024000000000000464                                                                                                              0000000000000000 000000000000  0         
7560001300012S 013                                                                                                                                                                                                                              
7560001300013P 010563100000020087306 000027370001011     10 224253318260000002507202400000000000500000000 02A08072024125072024000000000000002000000000000000000000000000000000000000000000000000000                         1000   090000000000 
7560001300014Q 011000041060769859PAOLA MOREIRA SILVA                     RUA DOS PESSEGUEIROS ,287               TABOAO         09940580        DIADEMASP0000000000000000                                        000                            
7560001300015R 01000000000000000000000000000000000000000000000000125072024000000000000100                                                                                                              0000000000000000 000000000000  0         
7560001300016S 013                                                                                                                                                                                                                              
7560001300017P 010563100000020087306 000027371701011     10 224027513370000002507202400000000001749000000 02A08072024125072024000000000000006000000000000000000000000000000000000000000000000000000                         1000   090000000000 
7560001300018Q 011000034193427803EDVANIA SILVA PEREIRA                   AVENIDA DOM JAIME DE BARROS CAMARA ,763 PLANALTO       09895400     ADAMANTINASP0000000000000000                                        000                            
7560001300019R 01000000000000000000000000000000000000000000000000125072024000000000000350                                                                                                              0000000000000000 000000000000  0         
7560001300020S 013                                                                                                                                                                                                                              
75600015         00000500000500000000000099880000000000000000000000000000000000000000000000000000000000000000000000                                                                                                                             
75699999         000001000005000000                                                                                                                                                                                                             