75600000         219895217000135                    0563100000020064454 IWS CURSOS DE IDIOMAS LTDA    SICOOB                                  11006202412512400000108100000                                                                     
75600011R01  040 2019895217000135                    0563100000020064454 IWS CURSOS DE IDIOMAS LTDA                                                                                    000045961006202400000000                                 
7560001300001P 010563100000020064454 000027005801011     10 223907618840000002506202400000000004346000000 02A10062024125062024000000000000014000000000000000000000000000000000000000000000000000000                         1000   090000000000 
7560001300002Q 011000033081822890DANIEL RIBEIRO NOGUEIRA PORTO           RUA OSVALDO MELLI (RESIDENCIAL RESERV,81BOSQUE         13283508        VINHEDOSP0000000000000000                                        000                            
7560001300003R 01000000000000000000000000000000000000000000000000125062024000000000000869                                                                                                              0000000000000000 000000000000  0         
7560001300004S 013                                                                                                                                                                                                                              
7560001300005P 010563100000020064454 000027006501011     10 223977015300000002006202400000000000490400000 02A10062024120062024000000000000002000000000000000000000000000000000000000000000000000000                         1000   090000000000 
7560001300006Q 011000032300678861DIOGO NEVES MARINHO                     RUA JOSE DAMACENO ,08                   GUACURI        04475300      SAO PAULOSP0000000000000000                                        000                            
7560001300007R 01000000000000000000000000000000000000000000000000120062024000000000000098                                                                                                              0000000000000000 000000000000  0         
7560001300008S 013                                                                                                                                                                                                                              
7560001300009P 010563100000020064454 000027007201011     10 224019073400000002006202400000000000490400000 02A10062024120062024000000000000002000000000000000000000000000000000000000000000000000000                         1000   090000000000 
7560001300010Q 011000019605248875PEDRO FELICIANO DE ROSA                 ESTRADA DAS LAGRIMAS ,2789              SAO JOAO CLIMAC04244000      SAO PAULOSP0000000000000000                                        000                            
7560001300011R 01000000000000000000000000000000000000000000000000120062024000000000000098                                                                                                              0000000000000000 000000000000  0         
7560001300012S 013                                                                                                                                                                                                                              
75600015         00000300000300000000000053268000000000000000000000000000000000000000000000000000000000000000000000                                                                                                                             
75699999         000001000003000000                                                                                                                                                                                                             