75600000         219895217000135                    0563100000020064454 IWS CURSOS DE IDIOMAS LTDA    SICOOB                                  11811202412494500000108100000                                                                     
75600011R01  040 2019895217000135                    0563100000020064454 IWS CURSOS DE IDIOMAS LTDA                                                                                    000048131811202400000000                                 
7560001300001P 010563100000020064454 000028674601011     10 223908118840000002511202400000000004346000000 02A18112024125112024000000000000014000000000000000000000000000000000000000000000000000000                         1000   090000000000 
7560001300002Q 011000033081822890DANIEL RIBEIRO NOGUEIRA PORTO           RUA OSVALDO MELLI (RESIDENCIAL RESERV,81BOSQUE         13283508        VINHEDOSP0000000000000000                                        000                            
7560001300003R 01000000000000000000000000000000000000000000000000125112024000000000000869                                                                                                              0000000000000000 000000000000  0         
7560001300004S 013                                                                                                                                                                                                                              
7560001300005P 010563100000020064454 000028675301011     10 224201919260000003011202400000000002623500000 02A18112024130112024000000000000009000000000000000000000000000000000000000000000000000000                         1000   090000000000 
7560001300006Q 011000026592685840DANIELLY VAZ CORONADO                   RUA CLAUDINO BARBOSA ,712               MACEDO         07113040      GUARULHOSSP0000000000000000                                        000                            
7560001300007R 01000000000000000000000000000000000000000000000000130112024000000000000525                                                                                                              0000000000000000 000000000000  0         
7560001300008S 013                                                                                                                                                                                                                              
7560001300009P 010563100000020064454 000028676001011     10 224313915590000003011202400000000001559500000 02A18112024130112024000000000000005000000000000000000000000000000000000000000000000000000                         1000   090000000000 
7560001300010Q 011000003251742965JONAS ROBERTO KOEHLER                   RUA PEDRO ANDRE REINERT ,297            TRIBESS        89057410       BLUMENAUSC0000000000000000                                        000                            
7560001300011R 01000000000000000000000000000000000000000000000000130112024000000000000312                                                                                                              0000000000000000 000000000000  0         
7560001300012S 013                                                                                                                                                                                                                              
75600015         00000300000300000000000085290000000000000000000000000000000000000000000000000000000000000000000000                                                                                                                             
75699999         000001000003000000                                                                                                                                                                                                             