75600000         229492820000120                    0563100000020087306 ANEXA IDIOMAS LTDA            SICOOB                                  10706202410142000000108100000                                                                     
75600011R01  040 2029492820000120                    0563100000020087306 ANEXA IDIOMAS LTDA                                                                                            000045950706202400000000                                 
7560001300001P 010563100000020087306 000027003001011     10 224292820700000001506202400000000005984000000 02A07062024115062024000000000000020000000000000000000000000000000000000000000000000000000                         1000   090000000000 
7560001300002Q 011000039327875877DJALMA DUCA DE AMORIM JUNIOR            RUA BRIGADEIRO GODINHO DOS SANTOS ,756  VILA PIRITUBA  05172180      SAO PAULOSP0000000000000000                                        000                            
7560001300003R 01000000000000000000000000000000000000000000000000115062024000000000001197                                                                                                              0000000000000000 000000000000  0         
7560001300004S 013                                                                                                                                                                                                                              
7560001300005P 010563100000020087306 000027004801011     10 224294020700000001506202400000000001496000000 02A07062024115062024000000000000005000000000000000000000000000000000000000000000000000000                         1000   090000000000 
7560001300006Q 011000039327875877DJALMA DUCA DE AMORIM JUNIOR            RUA BRIGADEIRO GODINHO DOS SANTOS ,756  VILA PIRITUBA  05172180      SAO PAULOSP0000000000000000                                        000                            
7560001300007R 01000000000000000000000000000000000000000000000000115062024000000000000299                                                                                                              0000000000000000 000000000000  0         
7560001300008S 013                                                                                                                                                                                                                              
75600015         00000200000200000000000074800000000000000000000000000000000000000000000000000000000000000000000000                                                                                                                             
75699999         000001000002000000                                                                                                                                                                                                             