75600000         229492820000120                    0563100000020087306 ANEXA IDIOMAS LTDA            SICOOB                                  11610202413493100000108100000                                                                     
75600011R01  040 2029492820000120                    0563100000020087306 ANEXA IDIOMAS LTDA                                                                                            000047861610202400000000                                 
7560001300001P 010563100000020087306 000028408301011     10 224039519720000000111202400000000004800000000 02A16102024101112024000000000000016000000000000000000000000000000000000000000000000000000                         1000   090000000000 
7560001300002Q 011000034063550800ADRIANO CARNEVALI FERRO                 AV. DOM JAIME DE BARROS CAMARA ,357     PLANALTO       09895400SAO BERNARDO DOSP0000000000000000                                        000                            
7560001300003R 01000000000000000000000000000000000000000000000000101112024000000000000960                                                                                                              0000000000000000 000000000000  0         
7560001300004S 013                                                                                                                                                                                                                              
7560001300005P 010563100000020087306 000028409001011     10 224034319730000000111202400000000001790000000 02A16102024101112024000000000000006000000000000000000000000000000000000000000000000000000                         1000   090000000000 
7560001300006Q 011000034063550800ADRIANO CARNEVALI FERRO                 AV. DOM JAIME DE BARROS CAMARA ,357     PLANALTO       09895400SAO BERNARDO DOSP0000000000000000                                        000                            
7560001300007R 01000000000000000000000000000000000000000000000000101112024000000000000358                                                                                                              0000000000000000 000000000000  0         
7560001300008S 013                                                                                                                                                                                                                              
7560001300009P 010563100000020087306 000028410901011     10 224051695900000003010202400000000002220000000 02A16102024130102024000000000000007000000000000000000000000000000000000000000000000000000                         1000   090000000000 
7560001300010Q 011000028354882861JOAO PAULO MORGUETO                     AV. DOM JAIME DE BARROS CAMARA ,515     PLANALTO       09895400SAO BERNARDO DOSP0000000000000000                                        000                            
7560001300011R 01000000000000000000000000000000000000000000000000130102024000000000000444                                                                                                              0000000000000000 000000000000  0         
7560001300012S 013                                                                                                                                                                                                                              
7560001300013P 010563100000020087306 000028411601011     10 223923612700000003010202400000000001775000000 02A16102024130102024000000000000006000000000000000000000000000000000000000000000000000000                         1000   090000000000 
7560001300014Q 011000073446530363ANTONIO IRAILSON BEZERRA SABOIA         RUA PROFESSOR EDMUNDO VASCONCELOS ,158  VL JUPITER     09890420SAO BERNARDO DOSP0000000000000000                                        000                            
7560001300015R 01000000000000000000000000000000000000000000000000130102024000000000000355                                                                                                              0000000000000000 000000000000  0         
7560001300016S 013                                                                                                                                                                                                                              
7560001300017P 010563100000020087306 000028412301011     10 224252820630000003010202400000000002830000000 02A16102024130102024000000000000009000000000000000000000000000000000000000000000000000000                         1000   090000000000 
7560001300018Q 011000044608181831LUANA HELENA BOM FARIAS                 AVENIDA DOM JAIME DE BARROS CAMARA ,670 PLANALTO       09895400SAO BERNARDO DOSP0000000000000000                                        000                            
7560001300019R 01000000000000000000000000000000000000000000000000130102024000000000000566                                                                                                              0000000000000000 000000000000  0         
7560001300020S 013                                                                                                                                                                                                                              
7560001300021P 010563100000020087306 000028413001011     10 224121619700000003010202400000000003000000000 02A16102024130102024000000000000010000000000000000000000000000000000000000000000000000000                         1000   090000000000 
7560001300022Q 011000000879236884RAQUEL DIAS RAMALHO                     RUA HEIZO NAKANO ,44                    DEMARCHI       09811901SAO BERNARDO DOSP0000000000000000                                        000                            
7560001300023R 01000000000000000000000000000000000000000000000000130102024000000000000600                                                                                                              0000000000000000 000000000000  0         
7560001300024S 013                                                                                                                                                                                                                              
7560001300025P 010563100000020087306 000028414801011     10 223891218610000003010202400000000002897000000 02A16102024130102024000000000000010000000000000000000000000000000000000000000000000000000                         1000   090000000000 
7560001300026Q 011000022328841805RICARDO MOREIRA BORGES                  RUA JABORANDI ,38                       JARDIM CONTINEN13225097VARZEA PAULISTASP0000000000000000                                        000                            
7560001300027R 01000000000000000000000000000000000000000000000000130102024000000000000579                                                                                                              0000000000000000 000000000000  0         
7560001300028S 013                                                                                                                                                                                                                              
7560001300029P 010563100000020087306 000028415501011     10 224415018610000003010202400000000001350000000 02A16102024130102024000000000000004000000000000000000000000000000000000000000000000000000                         1000   090000000000 
7560001300030Q 011000022328841805RICARDO MOREIRA BORGES                  RUA JABORANDI ,38                       JARDIM CONTINEN13225097VARZEA PAULISTASP0000000000000000                                        000                            
7560001300031R 01000000000000000000000000000000000000000000000000130102024000000000000270                                                                                                              0000000000000000 000000000000  0         
7560001300032S 013                                                                                                                                                                                                                              
7560001300033P 010563100000020087306 000028416201011     10 224055619950000003110202400000000003520000000 02A16102024131102024000000000000012000000000000000000000000000000000000000000000000000000                         1000   090000000000 
7560001300034Q 011000052635208832VICTOR GASPARINO BARBOSA                RUA LEILA GONCALVES ,449                VILA GONCALVES 09725050SAO BERNARDO DOSP0000000000000000                                        000                            
7560001300035R 01000000000000000000000000000000000000000000000000131102024000000000000704                                                                                                              0000000000000000 000000000000  0         
7560001300036S 013                                                                                                                                                                                                                              
75600015         00000900000900000000000241820000000000000000000000000000000000000000000000000000000000000000000000                                                                                                                             
75699999         000001000009000000                                                                                                                                                                                                             