75600000         219895217000135                    0563100000020064454 IWS CURSOS DE IDIOMAS LTDA    SICOOB                                  10209202417521100000108100000                                                                     
75600011R01  040 2019895217000135                    0563100000020064454 IWS CURSOS DE IDIOMAS LTDA                                                                                    000047270209202400000000                                 
7560001300001P 010563100000020064454 000027961701011     10 224390530000000002509202400000000003180000000 02A02092024125092024000000000000010000000000000000000000000000000000000000000000000000000                         1000   090000000000 
7560001300002Q 012008952410000144HOLLYTEC                                RUA AMADOR BUENO ,95                    JARDIM MUNHOZ  07042230      GUARULHOSSP0000000000000000                                        000                            
7560001300003R 01000000000000000000000000000000000000000000000000125092024000000000000636                                                                                                              0000000000000000 000000000000  0         
7560001300004S 013                                                                                                                                                                                                                              
75600015         00000100000100000000000031800000000000000000000000000000000000000000000000000000000000000000000000                                                                                                                             
75699999         000001000001000000                                                                                                                                                                                                             