75600000         219895217000135                    0563100000020064454 IWS CURSOS DE IDIOMAS LTDA    SICOOB                                  11301202516493400000108100000                                                                     
75600011R01  040 2019895217000135                    0563100000020064454 IWS CURSOS DE IDIOMAS LTDA                                                                                    000048581301202500000000                                 
7560001300001P 010563100000020064454 000029271601011     10 223908318840000002501202500000000004346000000 02A13012025125012025000000000000014000000000000000000000000000000000000000000000000000000                         1000   090000000000 
7560001300002Q 011000033081822890DANIEL RIBEIRO NOGUEIRA PORTO           RUA OSVALDO MELLI (RESIDENCIAL RESERV,81BOSQUE         13283508        VINHEDOSP0000000000000000                                        000                            
7560001300003R 01000000000000000000000000000000000000000000000000125012025000000000000869                                                                                                              0000000000000000 000000000000  0         
7560001300004S 013                                                                                                                                                                                                                              
7560001300005P 010563100000020064454 000029272301011     10 224202119260000003101202500000000002623500000 02A13012025131012025000000000000009000000000000000000000000000000000000000000000000000000                         1000   090000000000 
7560001300006Q 011000026592685840DANIELLY VAZ CORONADO                   RUA CLAUDINO BARBOSA ,712               MACEDO         07113040      GUARULHOSSP0000000000000000                                        000                            
7560001300007R 01000000000000000000000000000000000000000000000000131012025000000000000525                                                                                                              0000000000000000 000000000000  0         
7560001300008S 013                                                                                                                                                                                                                              
7560001300009P 010563100000020064454 000029273001011     10 224314115590000003001202500000000001559500000 02A13012025130012025000000000000005000000000000000000000000000000000000000000000000000000                         1000   090000000000 
7560001300010Q 011000003251742965JONAS ROBERTO KOEHLER                   RUA PEDRO ANDRE REINERT ,297            TRIBESS        89057410       BLUMENAUSC0000000000000000                                        000                            
7560001300011R 01000000000000000000000000000000000000000000000000130012025000000000000312                                                                                                              0000000000000000 000000000000  0         
7560001300012S 013                                                                                                                                                                                                                              
75600015         00000300000300000000000085290000000000000000000000000000000000000000000000000000000000000000000000                                                                                                                             
75699999         000001000003000000                                                                                                                                                                                                             