75600000         219895217000135                    0563100000020064454 IWS CURSOS DE IDIOMAS LTDA    SICOOB                                  11202202513022300000108100000                                                                     
75600011R01  040 2019895217000135                    0563100000020064454 IWS CURSOS DE IDIOMAS LTDA                                                                                    000049091202202500000000                                 
7560001300001P 010563100000020064454 000029646901011     10 224673121690000002502202500000000002470000000 02A12022025125022025000000000000008000000000000000000000000000000000000000000000000000000                         1000   090000000000 
7560001300002Q 011000037753768875CLEITON ALVES SANTOS                    RUA NUPORANGA ,289                      JARDIM SANTA MA07134330      GUARULHOSSP0000000000000000                                        000                            
7560001300003R 01000000000000000000000000000000000000000000000000125022025000000000000494                                                                                                              0000000000000000 000000000000  0         
7560001300004S 013                                                                                                                                                                                                                              
75600015         00000100000100000000000024700000000000000000000000000000000000000000000000000000000000000000000000                                                                                                                             
75699999         000001000001000000                                                                                                                                                                                                             