75600000         219895217000135                    0563100000020064454 IWS CURSOS DE IDIOMAS LTDA    SICOOB                                  12608202409180400000108100000                                                                     
75600011R01  040 2019895217000135                    0563100000020064454 IWS CURSOS DE IDIOMAS LTDA                                                                                    000047092608202400000000                                 
7560001300001P 010563100000020064454 000027794601011     10 224383021090000003008202400000000002300000000 02A26082024130082024000000000000008000000000000000000000000000000000000000000000000000000                         1000   090000000000 
7560001300002Q 011000029447536816JANAINE CIRILA SILVA                    RUA MARIA ZINTIL ,297                   COCAIA         00000000     ADAMANTINASP0000000000000000                                        000                            
7560001300003R 01000000000000000000000000000000000000000000000000130082024000000000000460                                                                                                              0000000000000000 000000000000  0         
7560001300004S 013                                                                                                                                                                                                                              
75600015         00000100000100000000000023000000000000000000000000000000000000000000000000000000000000000000000000                                                                                                                             
75699999         000001000001000000                                                                                                                                                                                                             