75600000         232970660000191                    0563100000020098014 EDUULMC CURSOS DE IDIOMAS EIRESICOOB                                  10212202411264900000108100000                                                                     
75600011R01  040 2032970660000191                    0563100000020098014 EDUULMC CURSOS DE IDIOMAS EIRE                                                                                000048330212202400000000                                 
7560001300001P 010563100000020098014 000029002401011     10 224369121020000003012202400000000003872000000 02A02122024130122024000000000000013000000000000000000000000000000000000000000000000000000                         1000   090000000000 
7560001300002Q 011000007806315799 LUCIANA RIBEIRO ALVES                  ESTRADA SAO FRANCISCO , 2791            JARDIM WANDA   06765001TABOAO DA SERRASP0000000000000000                                        000                            
7560001300003R 01000000000000000000000000000000000000000000000000130122024000000000000774                                                                                                              0000000000000000 000000000000  0         
7560001300004S 013                                                                                                                                                                                                                              
7560001300005P 010563100000020098014 000029003101011     10 224393419670000002512202400000000001886800000 02A02122024125122024000000000000006000000000000000000000000000000000000000000000000000000                         1000   090000000000 
7560001300006Q 011000042973398894ANNA JULIA DE PAULA ABREU               RUA SERRA DE BRAGANCA ,855              VILA GOMES CARD03318000      SAO PAULOSP0000000000000000                                        000                            
7560001300007R 01000000000000000000000000000000000000000000000000125122024000000000000377                                                                                                              0000000000000000 000000000000  0         
7560001300008S 013                                                                                                                                                                                                                              
7560001300009P 010563100000020098014 000029004901011     10 224355414490000002512202400000000006889000000 02A02122024125122024000000000000023000000000000000000000000000000000000000000000000000000                         1000   090000000000 
7560001300010Q 011000047364370811BARBARA PINTO PEINADOR GARCIA           RUA NAGIB IZAR ,357 (CASA)              JARDIM ANALIA F03337070      SAO PAULOSP0000000000000000                                        000                            
7560001300011R 01000000000000000000000000000000000000000000000000125122024000000000001378                                                                                                              0000000000000000 000000000000  0         
7560001300012S 013                                                                                                                                                                                                                              
7560001300013P 010563100000020098014 000029005601011     10 224366421000000001512202400000000001400000000 02A02122024115122024000000000000005000000000000000000000000000000000000000000000000000000                         1000   090000000000 
7560001300014Q 011000043572947898BRUNO FUZEL MUNHOZ                      RUA ALFREDO VOLPI ,89                   CERCADO GRANDE 06804130     ADAMANTINASP0000000000000000                                        000                            
7560001300015R 01000000000000000000000000000000000000000000000000115122024000000000000280                                                                                                              0000000000000000 000000000000  0         
7560001300016S 013                                                                                                                                                                                                                              
7560001300017P 010563100000020098014 000029006301011     10 224395818040000002012202400000000007550600000 02A02122024120122024000000000000025000000000000000000000000000000000000000000000000000000                         1000   090000000000 
7560001300018Q 011000027111775805CARLOS JOSE  FERREIRA DA COSTA          ALAMEDA JOAQUIM EUGENIO DE LIMA ,286    JARDIM PAULISTA01403000      SAO PAULOSP0000000000000000                                        000                            
7560001300019R 01000000000000000000000000000000000000000000000000120122024000000000001510                                                                                                              0000000000000000 000000000000  0         
7560001300020S 013                                                                                                                                                                                                                              
7560001300021P 010563100000020098014 000029007001011     10 223909415840000002012202400000000002320300000 02A02122024120122024000000000000008000000000000000000000000000000000000000000000000000000                         1000   090000000000 
7560001300022Q 011000043877622844DANIELLE AQUINO GASPAR                  RUA WALDEMAR DE PAULA FERREIRA ,331     JARDIM PRESIDEN07172010      GUARULHOSSP0000000000000000                                        000                            
7560001300023R 01000000000000000000000000000000000000000000000000120122024000000000000464                                                                                                              0000000000000000 000000000000  0         
7560001300024S 013                                                                                                                                                                                                                              
7560001300025P 010563100000020098014 000029008801011     10 224066716630000002012202400000000002500000000 02A02122024120122024000000000000008000000000000000000000000000000000000000000000000000000                         1000   090000000000 
7560001300026Q 011000029424248857ELIEZER QUEIROZ JUNIOR                  AVENIDA BRIGADEIRO FARIA LIMA ,1451     COCAIA         07130000      GUARULHOSSP0000000000000000                                        000                            
7560001300027R 01000000000000000000000000000000000000000000000000120122024000000000000500                                                                                                              0000000000000000 000000000000  0         
7560001300028S 013                                                                                                                                                                                                                              
7560001300029P 010563100000020098014 000029009501011     10 224203215300000003012202400000000003460700000 02A02122024130122024000000000000011000000000000000000000000000000000000000000000000000000                         1000   090000000000 
7560001300030Q 011000047064514850FERNANDO VASCONDE DE ARRUDA             AVENIDA MARECHAL HERMES ,119            CANTO DO FORTE 11700250   PRAIA GRANDESP0000000000000000                                        000                            
7560001300031R 01000000000000000000000000000000000000000000000000130122024000000000000692                                                                                                              0000000000000000 000000000000  0         
7560001300032S 013                                                                                                                                                                                                                              
7560001300033P 010563100000020098014 000029010301011     10 224423418090000001512202400000000003370800000 02A02122024115122024000000000000011000000000000000000000000000000000000000000000000000000                         1000   090000000000 
7560001300034Q 011000037432422818GABRIELA APARECIDA DE ANDRADE SILVA     AVENIDA JOAO BATISTA SANTIAGO ,220      PARQUE SANTA RI08150030      SAO PAULOSP0000000000000000                                        000                            
7560001300035R 01000000000000000000000000000000000000000000000000115122024000000000000674                                                                                                              0000000000000000 000000000000  0         
7560001300036S 013                                                                                                                                                                                                                              
7560001300037P 010563100000020098014 000029011001011     10 224230620550000002512202400000000007000000000 02A02122024125122024000000000000023000000000000000000000000000000000000000000000000000000                         1000   090000000000 
7560001300038Q 011000023105369899PABLO ALBERTO ALBANO                    RUA DOS DEMOCRATAS ,691                 VILA MONTE ALEG04305000      SAO PAULOSP0000000000000000                                        000                            
7560001300039R 01000000000000000000000000000000000000000000000000125122024000000000001400                                                                                                              0000000000000000 000000000000  0         
7560001300040S 013                                                                                                                                                                                                                              
7560001300041P 010563100000020098014 000029012801011     10 223920214980000002512202400000000002915000000 02A02122024125122024000000000000010000000000000000000000000000000000000000000000000000000                         1000   090000000000 
7560001300042Q 011000027893285877ANA PAULA HAMMERMEISTER GIMENES         RUA JOSE DIAS ,100                      ESTANCIA DAS FL13919260     JAGUARIUNASP0000000000000000                                        000                            
7560001300043R 01000000000000000000000000000000000000000000000000125122024000000000000583                                                                                                              0000000000000000 000000000000  0         
7560001300044S 013                                                                                                                                                                                                                              
7560001300045P 010563100000020098014 000029013501011     10 223922629300000002012202400000000006529600000 02A02122024120122024000000000000022000000000000000000000000000000000000000000000000000000                         1000   090000000000 
7560001300046Q 011000003696482854NADIR FRANCISCO DO AMARAL               RUA DOS FRANCESES ,                     MORRO DOS INGLE01329010      SAO PAULOSP0000000000000000                                        000                            
7560001300047R 01000000000000000000000000000000000000000000000000120122024000000000001306                                                                                                              0000000000000000 000000000000  0         
7560001300048S 013                                                                                                                                                                                                                              
7560001300049P 010563100000020098014 000029014201011     10 224114719800000003012202400000000001000000000 02A02122024130122024000000000000003000000000000000000000000000000000000000000000000000000                         1000   090000000000 
7560001300050Q 011000026605186885ARIANA ACQUESTA CANAL                   AVENIDA DOM JAIME DE BARROS CAMARA ,515 PLANALTO       09895400SAO BERNARDO DOSP0000000000000000                                        000                            
7560001300051R 01000000000000000000000000000000000000000000000000130122024000000000000200                                                                                                              0000000000000000 000000000000  0         
7560001300052S 013                                                                                                                                                                                                                              
7560001300053P 010563100000020098014 000029015001011     10 223935833100000001512202400000000008162000000 02A02122024115122024000000000000027000000000000000000000000000000000000000000000000000000                         1000   090000000000 
7560001300054Q 011000017129471840LISANDRA MARQUES ALISEDA SEDRANI        RUA DOS FRANCESES ,                     MORRO DOS INGLE01329010      SAO PAULOSP0000000000000000                                        000                            
7560001300055R 01000000000000000000000000000000000000000000000000115122024000000000001632                                                                                                              0000000000000000 000000000000  0         
7560001300056S 013                                                                                                                                                                                                                              
7560001300057P 010563100000020098014 000029016701011     10 224453121480000003012202400000000002500000000 02A02122024130122024000000000000008000000000000000000000000000000000000000000000000000000                         1000   090000000000 
7560001300058Q 011000013167507870LUCIENE DIANA SIQUEIRA                  RUA PADRE VIEIRA ,379                   JARDIM         09090720    SANTO ANDRESP0000000000000000                                        000                            
7560001300059R 01000000000000000000000000000000000000000000000000130122024000000000000500                                                                                                              0000000000000000 000000000000  0         
7560001300060S 013                                                                                                                                                                                                                              
7560001300061P 010563100000020098014 000029017401011     10 224283315460000002012202400000000002719100000 02A02122024120122024000000000000009000000000000000000000000000000000000000000000000000000                         1000   090000000000 
7560001300062Q 011000052300786850LUIS ROBERTO OLIVEIRA                   RUA PROFESSOR WLADEMIR PEREIRA ,230     VILA SAO SILVES05386360      SAO PAULOSP0000000000000000                                        000                            
7560001300063R 01000000000000000000000000000000000000000000000000120122024000000000000544                                                                                                              0000000000000000 000000000000  0         
7560001300064S 013                                                                                                                                                                                                                              
7560001300065P 010563100000020098014 000029018101011     10 224323619380000003012202400000000002830200000 02A02122024130122024000000000000009000000000000000000000000000000000000000000000000000000                         1000   090000000000 
7560001300066Q 011000045724935880MARINA CESCHIN                          AVENIDA DOM JAIME DE BARROS CAMARA ,670 PLANALTO       09895400SAO BERNARDO DOSP0000000000000000                                        000                            
7560001300067R 01000000000000000000000000000000000000000000000000130122024000000000000566                                                                                                              0000000000000000 000000000000  0         
7560001300068S 013                                                                                                                                                                                                                              
7560001300069P 010563100000020098014 000029019901011     10 224465721570000003012202400000000000750000000 02A02122024130122024000000000000002000000000000000000000000000000000000000000000000000000                         1000   090000000000 
7560001300070Q 011000033997200840MARJORIE GONCALVES DOS SANTOS           PRACA PADRE LEO MORIN ,212              CIDADE PATRIARC03556050      SAO PAULOSP0000000000000000                                        000                            
7560001300071R 01000000000000000000000000000000000000000000000000130122024000000000000150                                                                                                              0000000000000000 000000000000  0         
7560001300072S 013                                                                                                                                                                                                                              
7560001300073P 010563100000020098014 000029020701011     10 224460721550000003012202400000000002407200000 02A02122024130122024000000000000008000000000000000000000000000000000000000000000000000000                         1000   090000000000 
7560001300074Q 011000054348414840MATHEUS DE OLIVEIRA VANKAICK LAMEIRINHA RUA PEDRO FERRER ,40                    PARQUE IPE     05572070      SAO PAULOSP0000000000000000                                        000                            
7560001300075R 01000000000000000000000000000000000000000000000000130122024000000000000481                                                                                                              0000000000000000 000000000000  0         
7560001300076S 013                                                                                                                                                                                                                              
7560001300077P 010563100000020098014 000029021401011     10 224405721180000002512202400000000002830200000 02A02122024125122024000000000000009000000000000000000000000000000000000000000000000000000                         1000   090000000000 
7560001300078Q 011000022651413801RAQUEL VIEIRA FONTES                    RUA TIBERIO PEDRESCHI ,126              PLANALTO       09890450SAO BERNARDO DOSP0000000000000000                                        000                            
7560001300079R 01000000000000000000000000000000000000000000000000125122024000000000000566                                                                                                              0000000000000000 000000000000  0         
7560001300080S 013                                                                                                                                                                                                                              
7560001300081P 010563100000020098014 000029022101011     10 224406921180000002512202400000000000300000000 02A02122024125122024000000000000001000000000000000000000000000000000000000000000000000000                         1000   090000000000 
7560001300082Q 011000022651413801RAQUEL VIEIRA FONTES                    RUA TIBERIO PEDRESCHI ,126              PLANALTO       09890450SAO BERNARDO DOSP0000000000000000                                        000                            
7560001300083R 01000000000000000000000000000000000000000000000000125122024000000000000060                                                                                                              0000000000000000 000000000000  0         
7560001300084S 013                                                                                                                                                                                                                              
7560001300085P 010563100000020098014 000029023901011     10 224451621470000002012202400000000002830000000 02A02122024120122024000000000000009000000000000000000000000000000000000000000000000000000                         1000   090000000000 
7560001300086Q 011000033022864817KELLY FERNANDA DA SILVA POVINELLI       AVENIDA SEBASTIAO RONCADA ,74           JARDIM DO SOL  14940690       IBITINGASP0000000000000000                                        000                            
7560001300087R 01000000000000000000000000000000000000000000000000120122024000000000000566                                                                                                              0000000000000000 000000000000  0         
7560001300088S 013                                                                                                                                                                                                                              
7560001300089P 010563100000020098014 000029024601011     10 224155318830000001512202400000000002406200000 02A02122024115122024000000000000008000000000000000000000000000000000000000000000000000000                         1000   090000000000 
7560001300090Q 011000042672802823NAYARA VIEIRA DA SILVA                  AVENIDA CARLOS FERREIRA ENDRES ,1205    VILA ENDRES    07041030      GUARULHOSSP0000000000000000                                        000                            
7560001300091R 01000000000000000000000000000000000000000000000000115122024000000000000481                                                                                                              0000000000000000 000000000000  0         
7560001300092S 013                                                                                                                                                                                                                              
7560001300093P 010563100000020098014 000029025301011     10 224434118830000001512202400000000000500000000 02A02122024115122024000000000000002000000000000000000000000000000000000000000000000000000                         1000   090000000000 
7560001300094Q 011000042672802823NAYARA VIEIRA DA SILVA                  AVENIDA CARLOS FERREIRA ENDRES ,1205    VILA ENDRES    07041030      GUARULHOSSP0000000000000000                                        000                            
7560001300095R 01000000000000000000000000000000000000000000000000115122024000000000000100                                                                                                              0000000000000000 000000000000  0         
7560001300096S 013                                                                                                                                                                                                                              
7560001300097P 010563100000020098014 000029026001011     10 224020818410000002812202400000000002405700000 02A02122024128122024000000000000008000000000000000000000000000000000000000000000000000000                         1000   090000000000 
7560001300098Q 011000043322125840PIETRA MARTINS DA SILVA                 RUA DOUTOR EDILBERTO LUIS PEREIRA D,990 CIDADE UNIVERSI13083190       CAMPINASSP0000000000000000                                        000                            
7560001300099R 01000000000000000000000000000000000000000000000000128122024000000000000481                                                                                                              0000000000000000 000000000000  0         
7560001300100S 013                                                                                                                                                                                                                              
7560001300101P 010563100000020098014 000029027801011     10 224285719350000001512202400000000003392000000 02A02122024115122024000000000000011000000000000000000000000000000000000000000000000000000                         1000   090000000000 
7560001300102Q 011000043096173877RAIAN CASSEMIRO                         ESTRADA SAO JUDAS ,190                  PARQUE ESPLANAD06817170     ADAMANTINASP0000000000000000                                        000                            
7560001300103R 01000000000000000000000000000000000000000000000000115122024000000000000678                                                                                                              0000000000000000 000000000000  0         
7560001300104S 013                                                                                                                                                                                                                              
7560001300105P 010563100000020098014 000029028501011     10 224118020110000002012202400000000006550000000 02A02122024120122024000000000000022000000000000000000000000000000000000000000000000000000                         1000   090000000000 
7560001300106Q 011000028341411857TATIANA CRISTINA CARNEIRO VITORIANO     RUA EMILIANA ROSA DE ASSUNCAO ,108      VILA BUENOS AIR03627020      SAO PAULOSP0000000000000000                                        000                            
7560001300107R 01000000000000000000000000000000000000000000000000120122024000000000001310                                                                                                              0000000000000000 000000000000  0         
7560001300108S 013                                                                                                                                                                                                                              
7560001300109P 010563100000020098014 000029029201011     10 224367621010000001512202400000000001400000000 02A02122024115122024000000000000005000000000000000000000000000000000000000000000000000000                         1000   090000000000 
7560001300110Q 011000047117018852VICTOR TORRES GONZAGA                   RUA ALFREDO VOLPI ,89                   CERCADO GRANDE 06804130     ADAMANTINASP0000000000000000                                        000                            
7560001300111R 01000000000000000000000000000000000000000000000000115122024000000000000280                                                                                                              0000000000000000 000000000000  0         
7560001300112S 013                                                                                                                                                                                                                              
7560001300113P 010563100000020098014 000029030001011     10 224429921340000001512202400000000002832000000 02A02122024115122024000000000000009000000000000000000000000000000000000000000000000000000                         1000   090000000000 
7560001300114Q 011000036630642805VITOR SANT ANNA MOREIRA                 CONDOMINIO JARDIM DOS GERANIOS ,154     JARDIM DOS GERA14022300 RIBEIRAO PRETOSP0000000000000000                                        000                            
7560001300115R 01000000000000000000000000000000000000000000000000115122024000000000000566                                                                                                              0000000000000000 000000000000  0         
7560001300116S 013                                                                                                                                                                                                                              
7560001300117P 010563100000020098014 000029031801011     10 224432321340000001612202400000000000500000000 02A02122024116122024000000000000002000000000000000000000000000000000000000000000000000000                         1000   090000000000 
7560001300118Q 011000036630642805VITOR SANT ANNA MOREIRA                 CONDOMINIO JARDIM DOS GERANIOS ,154     JARDIM DOS GERA14022300 RIBEIRAO PRETOSP0000000000000000                                        000                            
7560001300119R 01000000000000000000000000000000000000000000000000116122024000000000000100                                                                                                              0000000000000000 000000000000  0         
7560001300120S 013                                                                                                                                                                                                                              
7560001300121P 010563100000020098014 000029032501011     10 224095519120000003012202400000000003392000000 02A02122024130122024000000000000011000000000000000000000000000000000000000000000000000000                         1000   090000000000 
7560001300122Q 011000020272815845ALEX SANDRO CHELA                       RUA HAYAKO YAMAUCHI ,32                 POLVILHO       07793440        CAJAMARSP0000000000000000                                        000                            
7560001300123R 01000000000000000000000000000000000000000000000000130122024000000000000678                                                                                                              0000000000000000 000000000000  0         
7560001300124S 013                                                                                                                                                                                                                              
75600015         00003100003100000000000994014000000000000000000000000000000000000000000000000000000000000000000000                                                                                                                             
75699999         000001000031000000                                                                                                                                                                                                             