75600000         232970660000191                    0563100000020098014 EDUULMC CURSOS DE IDIOMAS EIRESICOOB                                  12701202515541000000108100000                                                                     
75600011R01  040 2032970660000191                    0563100000020098014 EDUULMC CURSOS DE IDIOMAS EIRE                                                                                000048792701202500000000                                 
7560001300001P 010563100000020098014 000029442601011     10 224467418330000001002202500000000003595500000 02A27012025110022025000000000000012000000000000000000000000000000000000000000000000000000                         1000   090000000000 
7560001300002Q 011000034222814873ADELE JANDIRA HAIDAR PERUCHE            RUA IUBATINGA ,14                       VILA ANDRADE   05716110      SAO PAULOSP0000000000000000                                        000                            
7560001300003R 01000000000000000000000000000000000000000000000000110022025000000000000719                                                                                                              0000000000000000 000000000000  0         
7560001300004S 013                                                                                                                                                                                                                              
7560001300005P 010563100000020098014 000029443301011     10 224531621590000001002202500000000004950000000 02A27012025110022025000000000000016000000000000000000000000000000000000000000000000000000                         1000   090000000000 
7560001300006Q 011000041677783869ANDREIA BOTTO                           AVENIDA ODAIR SANTANELLI ,990           PARQUE CECAP   07190050      GUARULHOSSP0000000000000000                                        000                            
7560001300007R 01000000000000000000000000000000000000000000000000110022025000000000000990                                                                                                              0000000000000000 000000000000  0         
7560001300008S 013                                                                                                                                                                                                                              
7560001300009P 010563100000020098014 000029444001011     10 224141117030000001002202500000000002247200000 02A27012025110022025000000000000007000000000000000000000000000000000000000000000000000000                         1000   090000000000 
7560001300010Q 011000033280346843ANSELMO DA SILVA                        RUA SERRA ACARAI ,145                   JARDIM PAINEIRA08581070ITAQUAQUECETUBASP0000000000000000                                        000                            
7560001300011R 01000000000000000000000000000000000000000000000000110022025000000000000449                                                                                                              0000000000000000 000000000000  0         
7560001300012S 013                                                                                                                                                                                                                              
7560001300013P 010563100000020098014 000029445801011     10 224168020260000001002202500000000003520000000 02A27012025110022025000000000000012000000000000000000000000000000000000000000000000000000                         1000   090000000000 
7560001300014Q 011000026814121883 LAIS CRISTINA COIMBRA BENTES           RUA PELOTAS ,255                        VILA MARIANA   04012000      SAO PAULOSP0000000000000000                                        000                            
7560001300015R 01000000000000000000000000000000000000000000000000110022025000000000000704                                                                                                              0000000000000000 000000000000  0         
7560001300016S 013                                                                                                                                                                                                                              
7560001300017P 010563100000020098014 000029446501011     10 224346920830000001002202500000000002830200000 02A27012025110022025000000000000009000000000000000000000000000000000000000000000000000000                         1000   090000000000 
7560001300018Q 011000003365904158CAMILA FERREIRA PEREIRA SILVA           AVENIDA DOUTOR ALTINO ARANTES ,574      VILA CLEMENTINO04042003      SAO PAULOSP0000000000000000                                        000                            
7560001300019R 01000000000000000000000000000000000000000000000000110022025000000000000566                                                                                                              0000000000000000 000000000000  0         
7560001300020S 013                                                                                                                                                                                                                              
7560001300021P 010563100000020098014 000029447201011     10 224062114950000001002202500000000001816800000 02A27012025110022025000000000000006000000000000000000000000000000000000000000000000000000                         1000   090000000000 
7560001300022Q 011000042109093862CELINA PEREIRA SANTIAGO                 RUA AURORA CONTIERI ,49                 SUMAREZINHO    05441060      SAO PAULOSP0000000000000000                                        000                            
7560001300023R 01000000000000000000000000000000000000000000000000110022025000000000000363                                                                                                              0000000000000000 000000000000  0         
7560001300024S 013                                                                                                                                                                                                                              
7560001300025P 010563100000020098014 000029448001011     10 224201015230000001002202500000000004325900000 02A27012025110022025000000000000014000000000000000000000000000000000000000000000000000000                         1000   090000000000 
7560001300026Q 011000017533829808CLEBER ANTONIO CHINELATO                RUA DOS FRANCESES ,498                  MORRO DOS INGLE01329010      SAO PAULOSP0000000000000000                                        000                            
7560001300027R 01000000000000000000000000000000000000000000000000110022025000000000000865                                                                                                              0000000000000000 000000000000  0         
7560001300028S 013                                                                                                                                                                                                                              
7560001300029P 010563100000020098014 000029449701011     10 224180120350000001002202500000000002100000000 02A27012025110022025000000000000007000000000000000000000000000000000000000000000000000000                         1000   090000000000 
7560001300030Q 011000014217408854RUTH PEREIRA FILHA SGROIA               RUA MIRO VETORAZZO ,200                 DEMARCHI       09820135SAO BERNARDO DOSP0000000000000000                                        000                            
7560001300031R 01000000000000000000000000000000000000000000000000110022025000000000000420                                                                                                              0000000000000000 000000000000  0         
7560001300032S 013                                                                                                                                                                                                                              
7560001300033P 010563100000020098014 000029450501011     10 224313014830000001002202500000000001590000000 02A27012025110022025000000000000005000000000000000000000000000000000000000000000000000000                         1000   090000000000 
7560001300034Q 011000038686017835ISABELA GONCALVES CARDOSO DE SA         RUA AIMBERE ,1775 AP 72                 SUMARE         01258020      SAO PAULOSP0000000000000000                                        000                            
7560001300035R 01000000000000000000000000000000000000000000000000110022025000000000000318                                                                                                              0000000000000000 000000000000  0         
7560001300036S 013                                                                                                                                                                                                                              
7560001300037P 010563100000020098014 000029451201011     10 224353620940000001002202500000000002547200000 02A27012025110022025000000000000008000000000000000000000000000000000000000000000000000000                         1000   090000000000 
7560001300038Q 011000054077099889JULIA ALMEIDA REIS                      AVENIDA KENNEDY ,1230                   JARDIM DO MAR  09726253SAO BERNARDO DOSP0000000000000000                                        000                            
7560001300039R 01000000000000000000000000000000000000000000000000110022025000000000000509                                                                                                              0000000000000000 000000000000  0         
7560001300040S 013                                                                                                                                                                                                                              
7560001300041P 010563100000020098014 000029452001011     10 224319019570000001002202500000000002109400000 02A27012025110022025000000000000007000000000000000000000000000000000000000000000000000000                         1000   090000000000 
7560001300042Q 011000036406378873ALINE JENIFER BIM MONCAO                RUA TIRADENTES ,1837                    SANTA TEREZINHA09780265SAO BERNARDO DOSP0000000000000000                                        000                            
7560001300043R 01000000000000000000000000000000000000000000000000110022025000000000000422                                                                                                              0000000000000000 000000000000  0         
7560001300044S 013                                                                                                                                                                                                                              
7560001300045P 010563100000020098014 000029453701011     10 224606413660000001002202500000000000500000000 02A27012025110022025000000000000002000000000000000000000000000000000000000000000000000000                         1000   090000000000 
7560001300046Q 011000011494828693LIVIA SOUZA BUENO                       AVENIDA DOM JAIME DE BARROS CAMARA ,945 PLANALTO       09895400SAO BERNARDO DOSP0000000000000000                                        000                            
7560001300047R 01000000000000000000000000000000000000000000000000110022025000000000000100                                                                                                              0000000000000000 000000000000  0         
7560001300048S 013                                                                                                                                                                                                                              
7560001300049P 010563100000020098014 000029454401011     10 224450521460000001002202500000000002500000000 02A27012025110022025000000000000008000000000000000000000000000000000000000000000000000000                         1000   090000000000 
7560001300050Q 011000030974670847MARCOS APARECIDO SOARES                 AVENIDA PROFESSOR JOAQUIM PASSOS E SI,10VILA ITA       12321311SAO SILVESTRE DSP0000000000000000                                        000                            
7560001300051R 01000000000000000000000000000000000000000000000000110022025000000000000500                                                                                                              0000000000000000 000000000000  0         
7560001300052S 013                                                                                                                                                                                                                              
7560001300053P 010563100000020098014 000029455101011     10 224213072500000001002202500000000001853900000 02A27012025110022025000000000000006000000000000000000000000000000000000000000000000000000                         1000   090000000000 
7560001300054Q 011000003567487825NABOR ALVES MONTEIRO                    RUA SOLDADO GENESIO VALENTIM CORREA,37  VILA YAYA      07060023      GUARULHOSSP0000000000000000                                        000                            
7560001300055R 01000000000000000000000000000000000000000000000000110022025000000000000371                                                                                                              0000000000000000 000000000000  0         
7560001300056S 013                                                                                                                                                                                                                              
7560001300057P 010563100000020098014 000029456901011     10 224084942300000001002202500000000002842700000 02A27012025110022025000000000000009000000000000000000000000000000000000000000000000000000                         1000   090000000000 
7560001300058Q 011000011279917792PETRIC RIOS BASTOS                      AVENIDA OTAVIANO ALVES DE LIMA ,3600    JARDIM DAS GRAC02701000      SAO PAULOSP0000000000000000                                        000                            
7560001300059R 01000000000000000000000000000000000000000000000000110022025000000000000569                                                                                                              0000000000000000 000000000000  0         
7560001300060S 013                                                                                                                                                                                                                              
7560001300061P 010563100000020098014 000029457601011     10 224361918850000001002202500000000003875000000 02A27012025110022025000000000000013000000000000000000000000000000000000000000000000000000                         1000   090000000000 
7560001300062Q 011000051130846890REGIANE DE SOUZA SOBRAL                 RUA SENA MADUREIRA ,1393                JARDIM CUMBICA 07240020      GUARULHOSSP0000000000000000                                        000                            
7560001300063R 01000000000000000000000000000000000000000000000000110022025000000000000775                                                                                                              0000000000000000 000000000000  0         
7560001300064S 013                                                                                                                                                                                                                              
7560001300065P 010563100000020098014 000029458301011     10 224166520240000001002202500000000003200000000 02A27012025110022025000000000000011000000000000000000000000000000000000000000000000000000                         1000   090000000000 
7560001300066Q 011000008992109610SUELY GONCALVES DA SILVA                RUA MANOEL AMARAL ,27 9981164           CENTRO         09910000        DIADEMASP0000000000000000                                        000                            
7560001300067R 01000000000000000000000000000000000000000000000000110022025000000000000640                                                                                                              0000000000000000 000000000000  0         
7560001300068S 013                                                                                                                                                                                                                              
7560001300069P 010563100000020098014 000029459001011     10 224389721170000001002202500000000003484800000 02A27012025110022025000000000000011000000000000000000000000000000000000000000000000000000                         1000   090000000000 
7560001300070Q 011000024947309881FABIO ALVES BONNO                       ALAMEDA MINISTRO ROCHA AZEVEDO ,495     CERQUEIRA CESAR01410001      SAO PAULOSP0000000000000000                                        000                            
7560001300071R 01000000000000000000000000000000000000000000000000110022025000000000000697                                                                                                              0000000000000000 000000000000  0         
7560001300072S 013                                                                                                                                                                                                                              
7560001300073P 010563100000020098014 000029460901011     10 224215417380000001002202500000000001651700000 02A27012025110022025000000000000005000000000000000000000000000000000000000000000000000000                         1000   090000000000 
7560001300074Q 011000050020255870VITOR ANTUNES PEREIRA                   RUA DOM SALOMAO FERRAZ ,80              VILA ANDRADE   05729140      SAO PAULOSP0000000000000000                                        000                            
7560001300075R 01000000000000000000000000000000000000000000000000110022025000000000000330                                                                                                              0000000000000000 000000000000  0         
7560001300076S 013                                                                                                                                                                                                                              
75600015         00001900001900000000000515403000000000000000000000000000000000000000000000000000000000000000000000                                                                                                                             
75699999         000001000019000000                                                                                                                                                                                                             