75600000         219895217000135                    0563100000020064454 IWS CURSOS DE IDIOMAS LTDA    SICOOB                                  12101202514061400000108100000                                                                     
75600011R01  040 2019895217000135                    0563100000020064454 IWS CURSOS DE IDIOMAS LTDA                                                                                    000048702101202500000000                                 
7560001300001P 010563100000020064454 000029361401011     10 224145969400000000502202500000000003815400000 02A21012025105022025000000000000013000000000000000000000000000000000000000000000000000000                         1000   090000000000 
7560001300002Q 011000036768656856CINTIA DEZASSO QUINI                    RUA ALMIRANTE MARQUES LEAO ,            BELA VISTA     01330010      SAO PAULOSP0000000000000000                                        000                            
7560001300003R 01000000000000000000000000000000000000000000000000105022025000000000000763                                                                                                              0000000000000000 000000000000  0         
7560001300004S 013                                                                                                                                                                                                                              
75600015         00000100000100000000000038154000000000000000000000000000000000000000000000000000000000000000000000                                                                                                                             
75699999         000001000001000000                                                                                                                                                                                                             