75600000         219895217000135                    0563100000020064454 IWS CURSOS DE IDIOMAS LTDA    SICOOB                                  10302202514114000000108100000                                                                     
75600011R01  040 2019895217000135                    0563100000020064454 IWS CURSOS DE IDIOMAS LTDA                                                                                    000048830302202500000000                                 
7560001300001P 010563100000020064454 000029464801011     10 224135340000000001502202500000000010900000000 02A03022025115022025000000000000036000000000000000000000000000000000000000000000000000000                         1000   090000000000 
7560001300002Q 012010911237000269MIMAKI RECIFE                           AVENIDA DEZESSETE DE AGOSTO ,656        PARNAMIRIM     52060590         RECIFEPE0000000000000000                                        000                            
7560001300003R 01000000000000000000000000000000000000000000000000115022025000000000002180                                                                                                              0000000000000000 000000000000  0         
7560001300004S 013                                                                                                                                                                                                                              
7560001300005P 010563100000020064454 000029465501011     10 224136530000000001502202500000000032700000000 02A03022025115022025000000000000108000000000000000000000000000000000000000000000000000000                         1000   090000000000 
7560001300006Q 012010911237000340MIMAKI BLUMENAL                         RUA DOUTOR PEDRO ZIMMERMANN ,4490       ITOUPAVA CENTRA89068000       BLUMENAUSC0000000000000000                                        000                            
7560001300007R 01000000000000000000000000000000000000000000000000115022025000000000006540                                                                                                              0000000000000000 000000000000  0         
7560001300008S 013                                                                                                                                                                                                                              
7560001300009P 010563100000020064454 000029466201011     10 224137710000000001502202500000000021800000000 02A03022025115022025000000000000072000000000000000000000000000000000000000000000000000000                         1000   090000000000 
7560001300010Q 012010911237000188MIMAKI SAO PAULO                        AVENIDA DOUTOR LUIS ROCHA MIRANDA ,177  JABAQUARA      04344010      SAO PAULOSP0000000000000000                                        000                            
7560001300011R 01000000000000000000000000000000000000000000000000115022025000000000004360                                                                                                              0000000000000000 000000000000  0         
7560001300012S 013                                                                                                                                                                                                                              
7560001300013P 010563100000020064454 000029467001011     10 224303524000000000902202500000000018523500000 02A03022025109022025000000000000061000000000000000000000000000000000000000000000000000000                         1000   090000000000 
7560001300014Q 012062430194000112BRASPAR                                 RUA QUELUZ ,242                         CIDADE INDUSTRI07220050      GUARULHOSSP0000000000000000                                        000                            
7560001300015R 01000000000000000000000000000000000000000000000000109022025000000000003705                                                                                                              0000000000000000 000000000000  0         
7560001300016S 013                                                                                                                                                                                                                              
7560001300017P 010563100000020064454 000029468701011     10 224352421000000001002202500000000042585500000 02A03022025110022025000000000000141000000000000000000000000000000000000000000000000000000                         1000   090000000000 
7560001300018Q 012004731867000178INNOVAPACK                              RUA IGUACU ,301                         VILA FLORINDO  08574080ITAQUAQUECETUBASP0000000000000000                                        000                            
7560001300019R 01000000000000000000000000000000000000000000000000110022025000000000008517                                                                                                              0000000000000000 000000000000  0         
7560001300020S 013                                                                                                                                                                                                                              
75600015         00000500000500000000001265090000000000000000000000000000000000000000000000000000000000000000000000                                                                                                                             
75699999         000001000005000000                                                                                                                                                                                                             