75600000         229492820000120                    0563100000020087306 ANEXA IDIOMAS LTDA            SICOOB                                  10402202509380300000108100000                                                                     
75600011R01  040 2029492820000120                    0563100000020087306 ANEXA IDIOMAS LTDA                                                                                            000048920402202500000000                                 
7560001300001P 010563100000020087306 000029524201011     10 224628821720000001502202500000000005000000000 02A04022025115022025000000000000017000000000000000000000000000000000000000000000000000000                         1000   090000000000 
7560001300002Q 011000048541064840THAIS DE OLIVEIRA CARVALHO              AVENIDA DOM JAIME DE BARROS CAMARA ,670 PLANALTO       09895400SAO BERNARDO DOSP0000000000000000                                        000                            
7560001300003R 01000000000000000000000000000000000000000000000000115022025000000000001000                                                                                                              0000000000000000 000000000000  0         
7560001300004S 013                                                                                                                                                                                                                              
7560001300005P 010563100000020087306 000029525001011     10 224630021720000001502202500000000002700000000 02A04022025115022025000000000000009000000000000000000000000000000000000000000000000000000                         1000   090000000000 
7560001300006Q 011000048541064840THAIS DE OLIVEIRA CARVALHO              AVENIDA DOM JAIME DE BARROS CAMARA ,670 PLANALTO       09895400SAO BERNARDO DOSP0000000000000000                                        000                            
7560001300007R 01000000000000000000000000000000000000000000000000115022025000000000000540                                                                                                              0000000000000000 000000000000  0         
7560001300008S 013                                                                                                                                                                                                                              
75600015         00000200000200000000000077000000000000000000000000000000000000000000000000000000000000000000000000                                                                                                                             
75699999         000001000002000000                                                                                                                                                                                                             