75600000         219895217000135                    0563100000020064454 IWS CURSOS DE IDIOMAS LTDA    SICOOB                                  10409202410181100000108100000                                                                     
75600011R01  040 2019895217000135                    0563100000020064454 IWS CURSOS DE IDIOMAS LTDA                                                                                    000047290409202400000000                                 
7560001300001P 010563100000020064454 000027963101011     10 224387621160000001009202400000000002670000000 02A04092024110092024000000000000009000000000000000000000000000000000000000000000000000000                         1000   090000000000 
7560001300002Q 011000039945420810ALANA SANTANA DE SOUZA                  AVENIDA DIOGO CARNEIRO DA FONTOURA ,330 VILA NOVA GALVA02280150      SAO PAULOSP0000000000000000                                        000                            
7560001300003R 01000000000000000000000000000000000000000000000000110092024000000000000534                                                                                                              0000000000000000 000000000000  0         
7560001300004S 013                                                                                                                                                                                                                              
7560001300005P 010563100000020064454 000027964901011     10 224389021160000001009202400000000000750000000 02A04092024110092024000000000000002000000000000000000000000000000000000000000000000000000                         1000   090000000000 
7560001300006Q 011000039945420810ALANA SANTANA DE SOUZA                  AVENIDA DIOGO CARNEIRO DA FONTOURA ,330 VILA NOVA GALVA02280150      SAO PAULOSP0000000000000000                                        000                            
7560001300007R 01000000000000000000000000000000000000000000000000110092024000000000000150                                                                                                              0000000000000000 000000000000  0         
7560001300008S 013                                                                                                                                                                                                                              
7560001300009P 010563100000020064454 000027965601011     10 224386421150000001009202400000000002100000000 02A04092024110092024000000000000007000000000000000000000000000000000000000000000000000000                         1000   090000000000 
7560001300010Q 011000082473277591ELISAMA NATIVIDADE DOS SANTOS SILVA     AVENIDA JACUPIRANGA ,90A                PARQUE JUREMA  07244170      GUARULHOSSP0000000000000000                                        000                            
7560001300011R 01000000000000000000000000000000000000000000000000110092024000000000000420                                                                                                              0000000000000000 000000000000  0         
7560001300012S 013                                                                                                                                                                                                                              
75600015         00000300000300000000000055200000000000000000000000000000000000000000000000000000000000000000000000                                                                                                                             
75699999         000001000003000000                                                                                                                                                                                                             