75600000         219895217000135                    0563100000020064454 IWS CURSOS DE IDIOMAS LTDA    SICOOB                                  10302202514172700000108100000                                                                     
75600011R01  040 2019895217000135                    0563100000020064454 IWS CURSOS DE IDIOMAS LTDA                                                                                    000048850302202500000000                                 
7560001300001P 010563100000020064454 000029470201011     10 224210619230000001502202500000000002623500000 02A03022025115022025000000000000009000000000000000000000000000000000000000000000000000000                         1000   090000000000 
7560001300002Q 011000039856088810LUCAS DE PAULA OLTREMARI                RUA ALFREDO PUJOL ,1122                 SANTANA        02017002      SAO PAULOSP0000000000000000                                        000                            
7560001300003R 01000000000000000000000000000000000000000000000000115022025000000000000525                                                                                                              0000000000000000 000000000000  0         
7560001300004S 013                                                                                                                                                                                                                              
7560001300005P 010563100000020064454 000029471001011     10 224010218530000001502202500000000000962800000 02A03022025115022025000000000000003000000000000000000000000000000000000000000000000000000                         1000   090000000000 
7560001300006Q 011000009526613490MARIA EMILIA DE SOUZA SILVA             RUA GASTAO VIDIGAL ,1021                VARZEA         50980360         RECIFEPE0000000000000000                                        000                            
7560001300007R 01000000000000000000000000000000000000000000000000115022025000000000000193                                                                                                              0000000000000000 000000000000  0         
7560001300008S 013                                                                                                                                                                                                                              
7560001300009P 010563100000020064454 000029472701011     10 224013818540000001502202500000000000962800000 02A03022025115022025000000000000003000000000000000000000000000000000000000000000000000000                         1000   090000000000 
7560001300010Q 011000002688745492MARTA MIKAELLE TORRES                   RUA ANTONIO CURADO ,307                 ENGENHO DO MEIO50730180         RECIFEPE0000000000000000                                        000                            
7560001300011R 01000000000000000000000000000000000000000000000000115022025000000000000193                                                                                                              0000000000000000 000000000000  0         
7560001300012S 013                                                                                                                                                                                                                              
7560001300013P 010563100000020064454 000029473401011     10 224015039100000001502202500000000001471200000 02A03022025115022025000000000000005000000000000000000000000000000000000000000000000000000                         1000   090000000000 
7560001300014Q 011000032679656830MAURO AUGUSTO LINO DE ARAUJO            RAU A ,                                 RESIDENCIAL PAR07174330      GUARULHOSSP0000000000000000                                        000                            
7560001300015R 01000000000000000000000000000000000000000000000000115022025000000000000294                                                                                                              0000000000000000 000000000000  0         
7560001300016S 013                                                                                                                                                                                                                              
7560001300017P 010563100000020064454 000029474101011     10 224300320730000001502202500000000000900000000 02A03022025115022025000000000000003000000000000000000000000000000000000000000000000000000                         1000   090000000000 
7560001300018Q 011000033745263812TIAGO MARCIANO DA SILVA                 RUA INTERLAGOS ,140                     PARQUE SANTA LU06402140        BARUERISP0000000000000000                                        000                            
7560001300019R 01000000000000000000000000000000000000000000000000115022025000000000000180                                                                                                              0000000000000000 000000000000  0         
7560001300020S 013                                                                                                                                                                                                                              
75600015         00000500000500000000000069203000000000000000000000000000000000000000000000000000000000000000000000                                                                                                                             
75699999         000001000005000000                                                                                                                                                                                                             