75600000         219895217000135                    0563100000020064454 IWS CURSOS DE IDIOMAS LTDA    SICOOB                                  10805202423090800000108100000                                                                     
75600011R01  040 2019895217000135                    0563100000020064454 IWS CURSOS DE IDIOMAS LTDA                                                                                    000045240805202400000000                                 
7560001300001P 010563100000020064454 000026463301011     10 224225199900000000805202400000000005000000000 02A08052024108052024000000000000017000000000000000000000000000000000000000000000000000000                         1000   090000000000 
7560001300002Q 011000033390590803MICHEL FERNANDES RAMOS                  RUA CASEMIRO DIAS ,297                  VILA NOVA      19010280PRESIDENTE PRUDSP0000000000000000                                        000                            
7560001300003R 01000000000000000000000000000000000000000000000000108052024000000000001000                                                                                                              0000000000000000 000000000000  0         
7560001300004S 013                                                                                                                                                                                                                              
75600015         00000100000100000000000050000000000000000000000000000000000000000000000000000000000000000000000000                                                                                                                             
75699999         000001000001000000                                                                                                                                                                                                             