75600000         232970660000191                    0563100000020098014 EDUULMC CURSOS DE IDIOMAS EIRESICOOB                                  12305202411493900000108100000                                                                     
75600011R01  040 2032970660000191                    0563100000020098014 EDUULMC CURSOS DE IDIOMAS EIRE                                                                                000045782305202400000000                                 
7560001300001P 010563100000020098014 000026893101011     10 223899218330000001006202400000000003392000000 02A23052024110062024000000000000011000000000000000000000000000000000000000000000000000000                         1000   090000000000 
7560001300002Q 011000034222814873ADELE JANDIRA HAIDAR PERUCHE            RUA IUBATINGA ,14                       VILA ANDRADE   05716110      SAO PAULOSP0000000000000000                                        000                            
7560001300003R 01000000000000000000000000000000000000000000000000110062024000000000000678                                                                                                              0000000000000000 000000000000  0         
7560001300004S 013                                                                                                                                                                                                                              
7560001300005P 010563100000020098014 000026894901011     10 224196619210000000506202400000000002109400000 02A23052024105062024000000000000007000000000000000000000000000000000000000000000000000000                         1000   090000000000 
7560001300006Q 011000022969256851FELIPE DE OLIVEIRA MAGALHAES            AVENIDA PADRE ARLINDO VIEIRA ,1535      CASA 4         04166000      SAO PAULOSP0000000000000000                                        000                            
7560001300007R 01000000000000000000000000000000000000000000000000105062024000000000000422                                                                                                              0000000000000000 000000000000  0         
7560001300008S 013                                                                                                                                                                                                                              
7560001300009P 010563100000020098014 000026895601011     10 224140317030000001006202400000000002247200000 02A23052024110062024000000000000007000000000000000000000000000000000000000000000000000000                         1000   090000000000 
7560001300010Q 011000033280346843ANSELMO DA SILVA                        RUA SERRA ACARAI ,145                   JARDIM PAINEIRA08581070ITAQUAQUECETUBASP0000000000000000                                        000                            
7560001300011R 01000000000000000000000000000000000000000000000000110062024000000000000449                                                                                                              0000000000000000 000000000000  0         
7560001300012S 013                                                                                                                                                                                                                              
7560001300013P 010563100000020098014 000026896301011     10 224167220260000001006202400000000003520000000 02A23052024110062024000000000000012000000000000000000000000000000000000000000000000000000                         1000   090000000000 
7560001300014Q 011000026814121883 LAIS CRISTINA COIMBRA BENTES           RUA PELOTAS ,255                        VILA MARIANA   04012000      SAO PAULOSP0000000000000000                                        000                            
7560001300015R 01000000000000000000000000000000000000000000000000110062024000000000000704                                                                                                              0000000000000000 000000000000  0         
7560001300016S 013                                                                                                                                                                                                                              
7560001300017P 010563100000020098014 000026897001011     10 224061314950000001006202400000000001816800000 02A23052024110062024000000000000006000000000000000000000000000000000000000000000000000000                         1000   090000000000 
7560001300018Q 011000042109093862CELINA PEREIRA SANTIAGO                 RUA AURORA CONTIERI ,49                 SUMAREZINHO    05441060      SAO PAULOSP0000000000000000                                        000                            
7560001300019R 01000000000000000000000000000000000000000000000000110062024000000000000363                                                                                                              0000000000000000 000000000000  0         
7560001300020S 013                                                                                                                                                                                                                              
7560001300021P 010563100000020098014 000026898801011     10 224200215230000001006202400000000004325900000 02A23052024110062024000000000000014000000000000000000000000000000000000000000000000000000                         1000   090000000000 
7560001300022Q 011000017533829808CLEBER ANTONIO CHINELATO                RUA DOS FRANCESES ,498                  MORRO DOS INGLE01329010      SAO PAULOSP0000000000000000                                        000                            
7560001300023R 01000000000000000000000000000000000000000000000000110062024000000000000865                                                                                                              0000000000000000 000000000000  0         
7560001300024S 013                                                                                                                                                                                                                              
7560001300025P 010563100000020098014 000026899501011     10 223782219310000000506202400000000004800000000 02A23052024105062024000000000000016000000000000000000000000000000000000000000000000000000                         1000   090000000000 
7560001300026Q 011000029006267813CRISTIANO CARVALHO JACINTO              AVENIDA PRESIDENTE CASTELO BRANCO ,86   CANTO DO FORTE 11700800   PRAIA GRANDESP0000000000000000                                        000                            
7560001300027R 01000000000000000000000000000000000000000000000000105062024000000000000960                                                                                                              0000000000000000 000000000000  0         
7560001300028S 013                                                                                                                                                                                                                              
7560001300029P 010563100000020098014 000026900901011     10 224066116630000001006202400000000003595500000 02A23052024110062024000000000000012000000000000000000000000000000000000000000000000000000                         1000   090000000000 
7560001300030Q 011000029424248857ELIEZER QUEIROZ JUNIOR                  AVENIDA BRIGADEIRO FARIA LIMA ,1451     COCAIA         07130000      GUARULHOSSP0000000000000000                                        000                            
7560001300031R 01000000000000000000000000000000000000000000000000110062024000000000000719                                                                                                              0000000000000000 000000000000  0         
7560001300032S 013                                                                                                                                                                                                                              
7560001300033P 010563100000020098014 000026901601011     10 223980615190000000506202400000000003392000000 02A23052024105062024000000000000011000000000000000000000000000000000000000000000000000000                         1000   090000000000 
7560001300034Q 011000016426937827ELISANGELA LOPES CASSOLATO              RUA DOUTOR MIGUEL VIEIRA FERREIRA ,191  JARDIM ZAIRA   07095070      GUARULHOSSP0000000000000000                                        000                            
7560001300035R 01000000000000000000000000000000000000000000000000105062024000000000000678                                                                                                              0000000000000000 000000000000  0         
7560001300036S 013                                                                                                                                                                                                                              
7560001300037P 010563100000020098014 000026902301011     10 224186419220000000506202400000000000750000000 02A23052024105062024000000000000002000000000000000000000000000000000000000000000000000000                         1000   090000000000 
7560001300038Q 011000022969256851FELIPE DE OLIVEIRA MAGALHAES            AVENIDA PADRE ARLINDO VIEIRA ,1535      CASA 4         04166000      SAO PAULOSP0000000000000000                                        000                            
7560001300039R 01000000000000000000000000000000000000000000000000105062024000000000000150                                                                                                              0000000000000000 000000000000  0         
7560001300040S 013                                                                                                                                                                                                                              
7560001300041P 010563100000020098014 000026903001011     10 224203819220000000506202400000000002109400000 02A23052024105062024000000000000007000000000000000000000000000000000000000000000000000000                         1000   090000000000 
7560001300042Q 011000022969256851FELIPE DE OLIVEIRA MAGALHAES            AVENIDA PADRE ARLINDO VIEIRA ,1535      CASA 4         04166000      SAO PAULOSP0000000000000000                                        000                            
7560001300043R 01000000000000000000000000000000000000000000000000105062024000000000000422                                                                                                              0000000000000000 000000000000  0         
7560001300044S 013                                                                                                                                                                                                                              
7560001300045P 010563100000020098014 000026904801011     10 224179320350000001006202400000000002100000000 02A23052024110062024000000000000007000000000000000000000000000000000000000000000000000000                         1000   090000000000 
7560001300046Q 011000014217408854RUTH PEREIRA FILHA SGROIA               RUA MIRO VETORAZZO ,200                 DEMARCHI       09820135SAO BERNARDO DOSP0000000000000000                                        000                            
7560001300047R 01000000000000000000000000000000000000000000000000110062024000000000000420                                                                                                              0000000000000000 000000000000  0         
7560001300048S 013                                                                                                                                                                                                                              
7560001300049P 010563100000020098014 000026905501011     10 224122520140000000506202400000000002830000000 02A23052024105062024000000000000009000000000000000000000000000000000000000000000000000000                         1000   090000000000 
7560001300050Q 011000030377225843MARLEIDE DE LIMA PAZZOTTI               RUA JACI ,56                            JARDIM STELLA  09185640    SANTO ANDRESP0000000000000000                                        000                            
7560001300051R 01000000000000000000000000000000000000000000000000105062024000000000000566                                                                                                              0000000000000000 000000000000  0         
7560001300052S 013                                                                                                                                                                                                                              
7560001300053P 010563100000020098014 000026906201011     10 223997418870000000506202400000000003392000000 02A23052024105062024000000000000011000000000000000000000000000000000000000000000000000000                         1000   090000000000 
7560001300054Q 011000036826948893IRIS MIQUELINE BRITO                    RUA JAIRO DE ALMEIDA MACHADO ,50        PIRITUBA       02998060      SAO PAULOSP0000000000000000                                        000                            
7560001300055R 01000000000000000000000000000000000000000000000000105062024000000000000678                                                                                                              0000000000000000 000000000000  0         
7560001300056S 013                                                                                                                                                                                                                              
7560001300057P 010563100000020098014 000026907001011     10 223775214830000001006202400000000001500000000 02A23052024110062024000000000000005000000000000000000000000000000000000000000000000000000                         1000   090000000000 
7560001300058Q 011000038686017835ISABELA GONCALVES CARDOSO DE SA         RUA AIMBERE ,1775 AP 72                 SUMARE         01258020      SAO PAULOSP0000000000000000                                        000                            
7560001300059R 01000000000000000000000000000000000000000000000000110062024000000000000300                                                                                                              0000000000000000 000000000000  0         
7560001300060S 013                                                                                                                                                                                                                              
7560001300061P 010563100000020098014 000026908701011     10 223998616150000001006202400000000002320300000 02A23052024110062024000000000000008000000000000000000000000000000000000000000000000000000                         1000   090000000000 
7560001300062Q 011000062795015072MARCELO MACHADO                         ESTRADA SAO FRANCISCO ,1900             PARQUE TABOAO  06765000TABOAO DA SERRASP0000000000000000                                        000                            
7560001300063R 01000000000000000000000000000000000000000000000000110062024000000000000464                                                                                                              0000000000000000 000000000000  0         
7560001300064S 013                                                                                                                                                                                                                              
7560001300065P 010563100000020098014 000026909401011     10 224151112480000001006202400000000002650000000 02A23052024110062024000000000000009000000000000000000000000000000000000000000000000000000                         1000   090000000000 
7560001300066Q 011000013446867619JHENIFFER TEIXEIRA PINTO                RUA PROFESSOR ARNALDO JOAO SEMERARO,415 JARDIM SANTA EM04184000      SAO PAULOSP0000000000000000                                        000                            
7560001300067R 01000000000000000000000000000000000000000000000000110062024000000000000530                                                                                                              0000000000000000 000000000000  0         
7560001300068S 013                                                                                                                                                                                                                              
7560001300069P 010563100000020098014 000026910201011     10 224078119020000000506202400000000002563100000 02A23052024105062024000000000000008000000000000000000000000000000000000000000000000000000                         1000   090000000000 
7560001300070Q 011000045603241829JOAO VICTOR SILVA LIMA DE OLIVEIRA      RUA INDIANA ,1135                       BROOKLIN PAULIS04562002      SAO PAULOSP0000000000000000                                        000                            
7560001300071R 01000000000000000000000000000000000000000000000000105062024000000000000513                                                                                                              0000000000000000 000000000000  0         
7560001300072S 013                                                                                                                                                                                                                              
7560001300073P 010563100000020098014 000026911001011     10 223841912560000000506202400000000003200000000 02A23052024105062024000000000000011000000000000000000000000000000000000000000000000000000                         1000   090000000000 
7560001300074Q 011000029951643817JULIANA TAVARES DE ARAUJO               AVENIDA ODAIR SANTANELLI ,300           PARQUE CECAP   07190050      GUARULHOSSP0000000000000000                                        000                            
7560001300075R 01000000000000000000000000000000000000000000000000105062024000000000000640                                                                                                              0000000000000000 000000000000  0         
7560001300076S 013                                                                                                                                                                                                                              
7560001300077P 010563100000020098014 000026912701011     10 223845119570000001006202400000000001990000000 02A23052024110062024000000000000007000000000000000000000000000000000000000000000000000000                         1000   090000000000 
7560001300078Q 011000036406378873ALINE JENIFER BIM MONCAO                RUA TIRADENTES ,1837                    SANTA TEREZINHA09780265SAO BERNARDO DOSP0000000000000000                                        000                            
7560001300079R 01000000000000000000000000000000000000000000000000110062024000000000000398                                                                                                              0000000000000000 000000000000  0         
7560001300080S 013                                                                                                                                                                                                                              
7560001300081P 010563100000020098014 000026913401011     10 223934016040000001006202400000000003030400000 02A23052024110062024000000000000010000000000000000000000000000000000000000000000000000000                         1000   090000000000 
7560001300082Q 011000043285071842LETICIA DA SILVA SOBREIRA               RUA ROSALINA SCHULTZ ,176 B CASA        JARDIM BEATRIZ 06765010TABOAO DA SERRASP0000000000000000                                        000                            
7560001300083R 01000000000000000000000000000000000000000000000000110062024000000000000606                                                                                                              0000000000000000 000000000000  0         
7560001300084S 013                                                                                                                                                                                                                              
7560001300085P 010563100000020098014 000026914101011     10 224174420300000001006202400000000004455000000 02A23052024110062024000000000000015000000000000000000000000000000000000000000000000000000                         1000   090000000000 
7560001300086Q 011000011267673877LUCAS DA COSTA                          RUA ALEXANDRE CHEID ,52                 PARQUE SAVOY CI03570100      SAO PAULOSP0000000000000000                                        000                            
7560001300087R 01000000000000000000000000000000000000000000000000110062024000000000000891                                                                                                              0000000000000000 000000000000  0         
7560001300088S 013                                                                                                                                                                                                                              
7560001300089P 010563100000020098014 000026915901011     10 224212272500000001006202400000000001853900000 02A23052024110062024000000000000006000000000000000000000000000000000000000000000000000000                         1000   090000000000 
7560001300090Q 011000003567487825NABOR ALVES MONTEIRO                    RUA SOLDADO GENESIO VALENTIM CORREA,37  VILA YAYA      07060023      GUARULHOSSP0000000000000000                                        000                            
7560001300091R 01000000000000000000000000000000000000000000000000110062024000000000000371                                                                                                              0000000000000000 000000000000  0         
7560001300092S 013                                                                                                                                                                                                                              
7560001300093P 010563100000020098014 000026916601011     10 224084142300000001006202400000000002842700000 02A23052024110062024000000000000009000000000000000000000000000000000000000000000000000000                         1000   090000000000 
7560001300094Q 011000011279917792PETRIC RIOS BASTOS                      AVENIDA OTAVIANO ALVES DE LIMA ,3600    JARDIM DAS GRAC02701000      SAO PAULOSP0000000000000000                                        000                            
7560001300095R 01000000000000000000000000000000000000000000000000110062024000000000000569                                                                                                              0000000000000000 000000000000  0         
7560001300096S 013                                                                                                                                                                                                                              
7560001300097P 010563100000020098014 000026917301011     10 224157116820000000506202400000000002471900000 02A23052024105062024000000000000008000000000000000000000000000000000000000000000000000000                         1000   090000000000 
7560001300098Q 011000030755045807RENATA DOS REIS LIMA                    RUA SERRA DAS DIVISOES ,245 A           CHACARA DONA ES08581120ITAQUAQUECETUBASP0000000000000000                                        000                            
7560001300099R 01000000000000000000000000000000000000000000000000105062024000000000000494                                                                                                              0000000000000000 000000000000  0         
7560001300100S 013                                                                                                                                                                                                                              
7560001300101P 010563100000020098014 000026918001011     10 224165720240000001006202400000000003200000000 02A23052024110062024000000000000011000000000000000000000000000000000000000000000000000000                         1000   090000000000 
7560001300102Q 011000008992109610SUELY GONCALVES DA SILVA                RUA MANOEL AMARAL ,27 9981164           CENTRO         09910000        DIADEMASP0000000000000000                                        000                            
7560001300103R 01000000000000000000000000000000000000000000000000110062024000000000000640                                                                                                              0000000000000000 000000000000  0         
7560001300104S 013                                                                                                                                                                                                                              
7560001300105P 010563100000020098014 000026919801011     10 223830115690000001006202400000000003264800000 02A23052024110062024000000000000011000000000000000000000000000000000000000000000000000000                         1000   090000000000 
7560001300106Q 011000039367899831TAINA CABRAL SEIJAS                     AVENIDA DOM JAIME DE BARROS CAMARA ,885 PLANALTO       09895400SAO BERNARDO DOSP0000000000000000                                        000                            
7560001300107R 01000000000000000000000000000000000000000000000000110062024000000000000653                                                                                                              0000000000000000 000000000000  0         
7560001300108S 013                                                                                                                                                                                                                              
7560001300109P 010563100000020098014 000026920601011     10 224087754900000000506202400000000002069300000 02A23052024105062024000000000000007000000000000000000000000000000000000000000000000000000                         1000   090000000000 
7560001300110Q 011000022777304831THAIS DA SILVA BARBOSA                  AVENIDA ROTARY ,680                     VILA DAS BANDEI07042000      GUARULHOSSP0000000000000000                                        000                            
7560001300111R 01000000000000000000000000000000000000000000000000105062024000000000000414                                                                                                              0000000000000000 000000000000  0         
7560001300112S 013                                                                                                                                                                                                                              
7560001300113P 010563100000020098014 000026921301011     10 224214617380000001006202400000000001651700000 02A23052024110062024000000000000005000000000000000000000000000000000000000000000000000000                         1000   090000000000 
7560001300114Q 011000050020255870VITOR ANTUNES PEREIRA                   RUA DOM SALOMAO FERRAZ ,80              VILA ANDRADE   05729140      SAO PAULOSP0000000000000000                                        000                            
7560001300115R 01000000000000000000000000000000000000000000000000110062024000000000000330                                                                                                              0000000000000000 000000000000  0         
7560001300116S 013                                                                                                                                                                                                                              
75600015         00002900002900000000000794433000000000000000000000000000000000000000000000000000000000000000000000                                                                                                                             
75699999         000001000029000000                                                                                                                                                                                                             