75600000         219895217000135                    0563100000020064454 IWS CURSOS DE IDIOMAS LTDA    SICOOB                                  11607202408090900000108100000                                                                     
75600011R01  040 2019895217000135                    0563100000020064454 IWS CURSOS DE IDIOMAS LTDA                                                                                    000046431607202400000000                                 
7560001300001P 010563100000020064454 000027384501011     10 224338319590000002007202400000000001500000000 02A16072024120072024000000000000005000000000000000000000000000000000000000000000000000000                         1000   090000000000 
7560001300002Q 011000027789099825DANIELA COLAPIETRO RODRIGUES            RUA CECILIA RODRIGUES SIQUEIRA ,        JARDIM CIDADE U58051830    JOAO PESSOAPB0000000000000000                                        000                            
7560001300003R 01000000000000000000000000000000000000000000000000120072024000000000000300                                                                                                              0000000000000000 000000000000  0         
7560001300004S 013                                                                                                                                                                                                                              
75600015         00000100000100000000000015000000000000000000000000000000000000000000000000000000000000000000000000                                                                                                                             
75699999         000001000001000000                                                                                                                                                                                                             