75600000         219895217000135                    0563100000020064454 IWS CURSOS DE IDIOMAS LTDA    SICOOB                                  11312202422052400000108100000                                                                     
75600011R01  040 2019895217000135                    0563100000020064454 IWS CURSOS DE IDIOMAS LTDA                                                                                    000048391312202400000000                                 
7560001300001P 010563100000020064454 000029057901011     10 224046919860000001001202500000000002670000000 02A13122024110012025000000000000009000000000000000000000000000000000000000000000000000000                         1000   090000000000 
7560001300002Q 011000013507076861ALEXANDRE LEAO LUCCHESI                 RUA ALVARO DUARTE ,39                   JACANA         02272060      SAO PAULOSP0000000000000000                                        000                            
7560001300003R 01000000000000000000000000000000000000000000000000110012025000000000000534                                                                                                              0000000000000000 000000000000  0         
7560001300004S 013                                                                                                                                                                                                                              
7560001300005P 010563100000020064454 000029058601011     10 224060840000000001001202500000000002862000000 02A13122024110012025000000000000009000000000000000000000000000000000000000000000000000000                         1000   090000000000 
7560001300006Q 011000039857755836ALINE NUNES DAL SOGLIO GUIDI            RUA SAO FELIPE ,330                     PARQUE SAO JORG03085010      SAO PAULOSP0000000000000000                                        000                            
7560001300007R 01000000000000000000000000000000000000000000000000110012025000000000000572                                                                                                              0000000000000000 000000000000  0         
7560001300008S 013                                                                                                                                                                                                                              
7560001300009P 010563100000020064454 000029059301011     10 224362920970000001001202500000000002100000000 02A13122024110012025000000000000007000000000000000000000000000000000000000000000000000000                         1000   090000000000 
7560001300010Q 011000034482455857CRISTIANE DE JESUS PEREIRA              RUA GUINDOVAL ,149                      VILA NOVA BONSU07176570      GUARULHOSSP0000000000000000                                        000                            
7560001300011R 01000000000000000000000000000000000000000000000000110012025000000000000420                                                                                                              0000000000000000 000000000000  0         
7560001300012S 013                                                                                                                                                                                                                              
7560001300013P 010563100000020064454 000029060101011     10 224435821410000000101202500000000003350000000 02A13122024101012025000000000000011000000000000000000000000000000000000000000000000000000                         1000   090000000000 
7560001300014Q 011000021976609852ANDERSON DOS SANTOS REGAZIO             RUA JOAQUIM GOMES DE CARVALHO ,59       JARDIM PORTO NO11667780  CARAGUATATUBASP0000000000000000                                        000                            
7560001300015R 01000000000000000000000000000000000000000000000000101012025000000000000670                                                                                                              0000000000000000 000000000000  0         
7560001300016S 013                                                                                                                                                                                                                              
7560001300017P 010563100000020064454 000029061901011     10 224161720210000000501202500000000003000000000 02A13122024105012025000000000000010000000000000000000000000000000000000000000000000000000                         1000   090000000000 
7560001300018Q 011000029247398886ANGELA MARIA DIAS DOS REIS              RUA TRAJANO DE FARIA ,216               JARDIM NOVA TAB07141080      GUARULHOSSP0000000000000000                                        000                            
7560001300019R 01000000000000000000000000000000000000000000000000105012025000000000000600                                                                                                              0000000000000000 000000000000  0         
7560001300020S 013                                                                                                                                                                                                                              
7560001300021P 010563100000020064454 000029062601011     10 223963218370000001001202500000000001908000000 02A13122024110012025000000000000006000000000000000000000000000000000000000000000000000000                         1000   090000000000 
7560001300022Q 011000016695147817RENATO BEZERRA SANTANA                  ESTRADA AGUA CHATA ,3009                AGUA CHATA     07251000      GUARULHOSSP0000000000000000                                        000                            
7560001300023R 01000000000000000000000000000000000000000000000000110012025000000000000382                                                                                                              0000000000000000 000000000000  0         
7560001300024S 013                                                                                                                                                                                                                              
7560001300025P 010563100000020064454 000029063301011     10 224142216970000001001202500000000003074000000 02A13122024110012025000000000000010000000000000000000000000000000000000000000000000000000                         1000   090000000000 
7560001300026Q 011000028580799864BRUNO LIGUORI PESCE                     RUA DONA DICA ,378                      JARDIM TRANQUIL07052000      GUARULHOSSP0000000000000000                                        000                            
7560001300027R 01000000000000000000000000000000000000000000000000110012025000000000000615                                                                                                              0000000000000000 000000000000  0         
7560001300028S 013                                                                                                                                                                                                                              
7560001300029P 010563100000020064454 000029064001011     10 224424921310000001501202500000000003300000000 02A13122024115012025000000000000011000000000000000000000000000000000000000000000000000000                         1000   090000000000 
7560001300030Q 011000006121146435GRACIELA RAULICKIS                      RUA SAO QUIRINO ,55                     VILA GUILHERME 02056070      SAO PAULOSP0000000000000000                                        000                            
7560001300031R 01000000000000000000000000000000000000000000000000115012025000000000000660                                                                                                              0000000000000000 000000000000  0         
7560001300032S 013                                                                                                                                                                                                                              
7560001300033P 010563100000020064454 000029065801011     10 223971718300000001001202500000000002830200000 02A13122024110012025000000000000009000000000000000000000000000000000000000000000000000000                         1000   090000000000 
7560001300034Q 011000032988336814CARLOS HENRIQUE DE OLIVEIRA             RUA DONA TECLA ,230                     JARDIM FLOR DA 07097380      GUARULHOSSP0000000000000000                                        000                            
7560001300035R 01000000000000000000000000000000000000000000000000110012025000000000000566                                                                                                              0000000000000000 000000000000  0         
7560001300036S 013                                                                                                                                                                                                                              
7560001300037P 010563100000020064454 000029066501011     10 223974118420000001001202500000000002830200000 02A13122024110012025000000000000009000000000000000000000000000000000000000000000000000000                         1000   090000000000 
7560001300038Q 011000040323474845CHRISTOPHER PAULO CRUZ                  RUA CELIA DOMINGUES FAUSTINO ,          PARQUE CECAP   07190060      GUARULHOSSP0000000000000000                                        000                            
7560001300039R 01000000000000000000000000000000000000000000000000110012025000000000000566                                                                                                              0000000000000000 000000000000  0         
7560001300040S 013                                                                                                                                                                                                                              
7560001300041P 010563100000020064454 000029067201011     10 223975316330000001501202500000000001908000000 02A13122024115012025000000000000006000000000000000000000000000000000000000000000000000000                         1000   090000000000 
7560001300042Q 011000030578064812CLEBER ROBERTO BERGER                   PRACA CAPITAO ALBERTO MENDES JUNIO,71   CENTRO         07012031      GUARULHOSSP0000000000000000                                        000                            
7560001300043R 01000000000000000000000000000000000000000000000000115012025000000000000382                                                                                                              0000000000000000 000000000000  0         
7560001300044S 013                                                                                                                                                                                                                              
7560001300045P 010563100000020064454 000029068001011     10 224348220840000001001202500000000003872000000 02A13122024110012025000000000000013000000000000000000000000000000000000000000000000000000                         1000   090000000000 
7560001300046Q 011000015095382830CRISTINA MAKIKO SAITO HIRANO            RUA ALCINO BRAGA ,220                   PARAISO        04004020      SAO PAULOSP0000000000000000                                        000                            
7560001300047R 01000000000000000000000000000000000000000000000000110012025000000000000774                                                                                                              0000000000000000 000000000000  0         
7560001300048S 013                                                                                                                                                                                                                              
7560001300049P 010563100000020064454 000029069701011     10 224413521270000001501202500000000002500000000 02A13122024115012025000000000000008000000000000000000000000000000000000000000000000000000                         1000   090000000000 
7560001300050Q 011000028048739860MARCELO DORNAS PANHOTTA NEVES           RUA ANTONIO RABELLO ,50                 JARDIM ALIANCA 07063080      GUARULHOSSP0000000000000000                                        000                            
7560001300051R 01000000000000000000000000000000000000000000000000115012025000000000000500                                                                                                              0000000000000000 000000000000  0         
7560001300052S 013                                                                                                                                                                                                                              
7560001300053P 010563100000020064454 000029070501011     10 224043319820000001001202500000000002250000000 02A13122024110012025000000000000007000000000000000000000000000000000000000000000000000000                         1000   090000000000 
7560001300054Q 011000032864696886DANILO NOVO OTAVIANO                    RUA MARRET ,24                          VILA PROGRESSO 07095140      GUARULHOSSP0000000000000000                                        000                            
7560001300055R 01000000000000000000000000000000000000000000000000110012025000000000000450                                                                                                              0000000000000000 000000000000  0         
7560001300056S 013                                                                                                                                                                                                                              
7560001300057P 010563100000020064454 000029071201011     10 224292320680000001001202500000000003520000000 02A13122024110012025000000000000012000000000000000000000000000000000000000000000000000000                         1000   090000000000 
7560001300058Q 011000022022841840DENISE VALENTE EVA                      RUA ZACARIAS DE GOIS ,715               PARQUE COLONIAL04610001      SAO PAULOSP0000000000000000                                        000                            
7560001300059R 01000000000000000000000000000000000000000000000000110012025000000000000704                                                                                                              0000000000000000 000000000000  0         
7560001300060S 013                                                                                                                                                                                                                              
7560001300061P 010563100000020064454 000029072001011     10 224310515600000001501202500000000002809000000 02A13122024115012025000000000000009000000000000000000000000000000000000000000000000000000                         1000   090000000000 
7560001300062Q 011000036374365828DRIELE PINHEIRO SANTOS                  RUA NATERCIA ,161                       VILA NOVA BONSU07176340      GUARULHOSSP0000000000000000                                        000                            
7560001300063R 01000000000000000000000000000000000000000000000000115012025000000000000562                                                                                                              0000000000000000 000000000000  0         
7560001300064S 013                                                                                                                                                                                                                              
7560001300065P 010563100000020064454 000029073701011     10 223978918800000000501202500000000004770000000 02A13122024105012025000000000000016000000000000000000000000000000000000000000000000000000                         1000   090000000000 
7560001300066Q 011000013428220803EDIVANIA CONCEICAO MEDEIROS DA SILVA    RUA MANGA ,642                          JD. ALBERTINA  07243500      GUARULHOSSP0000000000000000                                        000                            
7560001300067R 01000000000000000000000000000000000000000000000000105012025000000000000954                                                                                                              0000000000000000 000000000000  0         
7560001300068S 013                                                                                                                                                                                                                              
7560001300069P 010563100000020064454 000029074401011     10 223980118980000001501202500000000002109400000 02A13122024115012025000000000000007000000000000000000000000000000000000000000000000000000                         1000   090000000000 
7560001300070Q 011000032297933827THALITA ALESSANDRA DE SOUZA             RUA ANTONIO GOMES ,135                  VILA SANTO ANTO07093090      GUARULHOSSP0000000000000000                                        000                            
7560001300071R 01000000000000000000000000000000000000000000000000115012025000000000000422                                                                                                              0000000000000000 000000000000  0         
7560001300072S 013                                                                                                                                                                                                                              
7560001300073P 010563100000020064454 000029075101011     10 224456721510000000501202500000000002470000000 02A13122024105012025000000000000008000000000000000000000000000000000000000000000000000000                         1000   090000000000 
7560001300074Q 011000046397259811ELAINE CRISTINA DUARTE DE SOUZA         RUA MARCOS ANTONIO SALVADOR ,16         JARDIM ALAMO   07176630      GUARULHOSSP0000000000000000                                        000                            
7560001300075R 01000000000000000000000000000000000000000000000000105012025000000000000494                                                                                                              0000000000000000 000000000000  0         
7560001300076S 013                                                                                                                                                                                                                              
7560001300077P 010563100000020064454 000029076901011     10 223982518310000000501202500000000002830200000 02A13122024105012025000000000000009000000000000000000000000000000000000000000000000000000                         1000   090000000000 
7560001300078Q 011000034078049893ELLEN DOS SANTOS FRANCO                 RUA MARIA ZINTL ,114                    COCAIA         07121390      GUARULHOSSP0000000000000000                                        000                            
7560001300079R 01000000000000000000000000000000000000000000000000105012025000000000000566                                                                                                              0000000000000000 000000000000  0         
7560001300080S 013                                                                                                                                                                                                                              
7560001300081P 010563100000020064454 000029077601011     10 224170412400000001501202500000000003150000000 02A13122024115012025000000000000010000000000000000000000000000000000000000000000000000000                         1000   090000000000 
7560001300082Q 011000052522627805ERIC VINICIUS DA SILVA MARTINS          RUA NIDIA ,221                          CIDADE PARQUE A07242400      GUARULHOSSP0000000000000000                                        000                            
7560001300083R 01000000000000000000000000000000000000000000000000115012025000000000000630                                                                                                              0000000000000000 000000000000  0         
7560001300084S 013                                                                                                                                                                                                                              
7560001300085P 010563100000020064454 000029078301011     10 224423212400000001501202500000000000500000000 02A13122024115012025000000000000002000000000000000000000000000000000000000000000000000000                         1000   090000000000 
7560001300086Q 011000052522627805ERIC VINICIUS DA SILVA MARTINS          RUA NIDIA ,221                          CIDADE PARQUE A07242400      GUARULHOSSP0000000000000000                                        000                            
7560001300087R 01000000000000000000000000000000000000000000000000115012025000000000000100                                                                                                              0000000000000000 000000000000  0         
7560001300088S 013                                                                                                                                                                                                                              
7560001300089P 010563100000020064454 000029079001011     10 223913113190000001501202500000000006572000000 02A13122024115012025000000000000022000000000000000000000000000000000000000000000000000000                         1000   090000000000 
7560001300090Q 011000027899694850EVANDRO DE SANTANA CAVICCHIO            RUA TOCANTINOPOLIS ,645                 JARDIM IPORANGA07124100      GUARULHOSSP0000000000000000                                        000                            
7560001300091R 01000000000000000000000000000000000000000000000000115012025000000000001314                                                                                                              0000000000000000 000000000000  0         
7560001300092S 013                                                                                                                                                                                                                              
7560001300093P 010563100000020064454 000029080901011     10 223915514860000000501202500000000002833400000 02A13122024105012025000000000000009000000000000000000000000000000000000000000000000000000                         1000   090000000000 
7560001300094Q 011000025313672843FABIOLA GURGEL                          RUA DOUTOR MIGUEL VIEIRA FERREIRA ,57   JARDIM ZAIRA   07095070      GUARULHOSSP0000000000000000                                        000                            
7560001300095R 01000000000000000000000000000000000000000000000000105012025000000000000567                                                                                                              0000000000000000 000000000000  0         
7560001300096S 013                                                                                                                                                                                                                              
7560001300097P 010563100000020064454 000029081601011     10 224148216920000001001202500000000002400000000 02A13122024110012025000000000000008000000000000000000000000000000000000000000000000000000                         1000   090000000000 
7560001300098Q 011000011874897867LUIZ ALEXANDRE PROFITTI                 RUA INDAIA ,200                         VILA PRUDENTE  03132125      SAO PAULOSP0000000000000000                                        000                            
7560001300099R 01000000000000000000000000000000000000000000000000110012025000000000000480                                                                                                              0000000000000000 000000000000  0         
7560001300100S 013                                                                                                                                                                                                                              
7560001300101P 010563100000020064454 000029082301011     10 224257020650000001501202500000000003700000000 02A13122024115012025000000000000012000000000000000000000000000000000000000000000000000000                         1000   090000000000 
7560001300102Q 011000032100160893FERNANDA GHIRALDI NOBRE                 RUA DOUTOR ELOY CHAVES ,273             VILA SOROCABANA07024181      GUARULHOSSP0000000000000000                                        000                            
7560001300103R 01000000000000000000000000000000000000000000000000115012025000000000000740                                                                                                              0000000000000000 000000000000  0         
7560001300104S 013                                                                                                                                                                                                                              
7560001300105P 010563100000020064454 000029083001011     10 223989718100000000501202500000000002120000000 02A13122024105012025000000000000007000000000000000000000000000000000000000000000000000000                         1000   090000000000 
7560001300106Q 011000029619296877DEBORA DO CARMO ALVES DA SILVA          RUA JOSE MIGUEL ACKEL ,2790             JARDIM GUILHERM07273000      GUARULHOSSP0000000000000000                                        000                            
7560001300107R 01000000000000000000000000000000000000000000000000105012025000000000000424                                                                                                              0000000000000000 000000000000  0         
7560001300108S 013                                                                                                                                                                                                                              
7560001300109P 010563100000020064454 000029084801011     10 224205715280000001501202500000000002400000000 02A13122024115012025000000000000008000000000000000000000000000000000000000000000000000000                         1000   090000000000 
7560001300110Q 011000031112058869MARCIA ROSA DE ARRUDA                   AVENIDA SALGADO FILHO ,3938             CENTRO         07115000      GUARULHOSSP0000000000000000                                        000                            
7560001300111R 01000000000000000000000000000000000000000000000000115012025000000000000480                                                                                                              0000000000000000 000000000000  0         
7560001300112S 013                                                                                                                                                                                                                              
7560001300113P 010563100000020064454 000029085501011     10 224380721110000001001202500000000002870000000 02A13122024110012025000000000000009000000000000000000000000000000000000000000000000000000                         1000   090000000000 
7560001300114Q 011000062383501301GABRIEL MELO GAGLIONI                   RUA ABILIO RAMOS ,79                    MACEDO         07113090      GUARULHOSSP0000000000000000                                        000                            
7560001300115R 01000000000000000000000000000000000000000000000000110012025000000000000574                                                                                                              0000000000000000 000000000000  0         
7560001300116S 013                                                                                                                                                                                                                              
7560001300117P 010563100000020064454 000029086201011     10 224149417040000001501202500000000001977500000 02A13122024115012025000000000000007000000000000000000000000000000000000000000000000000000                         1000   090000000000 
7560001300118Q 011000016027907878MARCIA SAPATA DA SILVA                  RUA NARAIN SINGH LUSCHINI ,149          PARQUE CONTINEN07085010      GUARULHOSSP0000000000000000                                        000                            
7560001300119R 01000000000000000000000000000000000000000000000000115012025000000000000396                                                                                                              0000000000000000 000000000000  0         
7560001300120S 013                                                                                                                                                                                                                              
7560001300121P 010563100000020064454 000029087001011     10 224372021040000001001202500000000003800000000 02A13122024110012025000000000000013000000000000000000000000000000000000000000000000000000                         1000   090000000000 
7560001300122Q 011000035003158874GABRIELA CARVALHO                       RUA CARLOS COMENALE ,96                 BELA VISTA     01332030      SAO PAULOSP0000000000000000                                        000                            
7560001300123R 01000000000000000000000000000000000000000000000000110012025000000000000760                                                                                                              0000000000000000 000000000000  0         
7560001300124S 013                                                                                                                                                                                                                              
7560001300125P 010563100000020064454 000029088701011     10 224072895300000001001202500000000002332000000 02A13122024110012025000000000000008000000000000000000000000000000000000000000000000000000                         1000   090000000000 
7560001300126Q 011000021895277833ERIC HENRIQUE VASCONCELLOS SANTOS       RUA CONEGO VALADAO ,161                 GOPOUVA        07040000      GUARULHOSSP0000000000000000                                        000                            
7560001300127R 01000000000000000000000000000000000000000000000000110012025000000000000466                                                                                                              0000000000000000 000000000000  0         
7560001300128S 013                                                                                                                                                                                                                              
7560001300129P 010563100000020064454 000029089401011     10 223994518500000000501202500000000002438000000 02A13122024105012025000000000000008000000000000000000000000000000000000000000000000000000                         1000   090000000000 
7560001300130Q 011000008563118803SIMONE SOARES ZUANETTI                  RUA JESUINO RABELLO ,196                VILA MILTON    07063150      GUARULHOSSP0000000000000000                                        000                            
7560001300131R 01000000000000000000000000000000000000000000000000105012025000000000000488                                                                                                              0000000000000000 000000000000  0         
7560001300132S 013                                                                                                                                                                                                                              
7560001300133P 010563100000020064454 000029090201011     10 224150616960000000501202500000000003074000000 02A13122024105012025000000000000010000000000000000000000000000000000000000000000000000000                         1000   090000000000 
7560001300134Q 011000025313672843FABIOLA GURGEL                          RUA DOUTOR MIGUEL VIEIRA FERREIRA ,57   JARDIM ZAIRA   07095070      GUARULHOSSP0000000000000000                                        000                            
7560001300135R 01000000000000000000000000000000000000000000000000105012025000000000000615                                                                                                              0000000000000000 000000000000  0         
7560001300136S 013                                                                                                                                                                                                                              
7560001300137P 010563100000020064454 000029091001011     10 224120620130000000501202500000000003500000000 02A13122024105012025000000000000012000000000000000000000000000000000000000000000000000000                         1000   090000000000 
7560001300138Q 011000048357994881HENRIQUE ADRIANO DE SOUSA SANTOS        AVENIDA JOSE AUGUSTO DA SILVA RICO ,621 VILA RICA      07156100      GUARULHOSSP0000000000000000                                        000                            
7560001300139R 01000000000000000000000000000000000000000000000000105012025000000000000700                                                                                                              0000000000000000 000000000000  0         
7560001300140S 013                                                                                                                                                                                                                              
7560001300141P 010563100000020064454 000029092701011     10 223996918520000000501202500000000002109400000 02A13122024105012025000000000000007000000000000000000000000000000000000000000000000000000                         1000   090000000000 
7560001300142Q 011000008563118803SIMONE SOARES ZUANETTI                  RUA JESUINO RABELLO ,196                VILA MILTON    07063150      GUARULHOSSP0000000000000000                                        000                            
7560001300143R 01000000000000000000000000000000000000000000000000105012025000000000000422                                                                                                              0000000000000000 000000000000  0         
7560001300144S 013                                                                                                                                                                                                                              
7560001300145P 010563100000020064454 000029093401011     10 224277425600000001001202500000000003955100000 02A13122024110012025000000000000013000000000000000000000000000000000000000000000000000000                         1000   090000000000 
7560001300146Q 011000007810479865IDERALDO ELMER RIBEIRO                  RUA ROSALI ,269                         VILA MARANDUBA 07060091      GUARULHOSSP0000000000000000                                        000                            
7560001300147R 01000000000000000000000000000000000000000000000000110012025000000000000791                                                                                                              0000000000000000 000000000000  0         
7560001300148S 013                                                                                                                                                                                                                              
7560001300149P 010563100000020064454 000029094101011     10 224128220170000001001202500000000002000000000 02A13122024110012025000000000000007000000000000000000000000000000000000000000000000000000                         1000   090000000000 
7560001300150Q 011000009727368670ISABELA KRISTINA MESQUITA SILVA         RUA ARISTOBULO SILVA ,22                CENTRO         37240000     LUMINARIASMG0000000000000000                                        000                            
7560001300151R 01000000000000000000000000000000000000000000000000110012025000000000000400                                                                                                              0000000000000000 000000000000  0         
7560001300152S 013                                                                                                                                                                                                                              
7560001300153P 010563100000020064454 000029095901011     10 223925112840000001001202500000000003466200000 02A13122024110012025000000000000011000000000000000000000000000000000000000000000000000000                         1000   090000000000 
7560001300154Q 011000000623528819ANTONIO CARLOS DA SILVA                 RUA PROFESSOR JOSE SOARES DE MELLO ,179 JARDIM CENTENAR02882100      SAO PAULOSP0000000000000000                                        000                            
7560001300155R 01000000000000000000000000000000000000000000000000110012025000000000000693                                                                                                              0000000000000000 000000000000  0         
7560001300156S 013                                                                                                                                                                                                                              
7560001300157P 010563100000020064454 000029096601011     10 224350720860000001001202500000000001890000000 02A13122024110012025000000000000006000000000000000000000000000000000000000000000000000000                         1000   090000000000 
7560001300158Q 011000034465431805JACIANE IZIDORIO DE OLIVEIRA SOUZA      RUA JOSE FRANCA ,97                     PARQUE SAO MIGU07260180      GUARULHOSSP0000000000000000                                        000                            
7560001300159R 01000000000000000000000000000000000000000000000000110012025000000000000378                                                                                                              0000000000000000 000000000000  0         
7560001300160S 013                                                                                                                                                                                                                              
7560001300161P 010563100000020064454 000029097301011     10 224077619030000001501202500000000001590000000 02A13122024115012025000000000000005000000000000000000000000000000000000000000000000000000                         1000   090000000000 
7560001300162Q 011000032297933827THALITA ALESSANDRA DE SOUZA             RUA ANTONIO GOMES ,135                  VILA SANTO ANTO07093090      GUARULHOSSP0000000000000000                                        000                            
7560001300163R 01000000000000000000000000000000000000000000000000115012025000000000000318                                                                                                              0000000000000000 000000000000  0         
7560001300164S 013                                                                                                                                                                                                                              
7560001300165P 010563100000020064454 000029098001011     10 224349520850000001501202500000000002100000000 02A13122024115012025000000000000007000000000000000000000000000000000000000000000000000000                         1000   090000000000 
7560001300166Q 011000028048739860MARCELO DORNAS PANHOTTA NEVES           RUA ANTONIO RABELLO ,50                 JARDIM ALIANCA 07063080      GUARULHOSSP0000000000000000                                        000                            
7560001300167R 01000000000000000000000000000000000000000000000000115012025000000000000420                                                                                                              0000000000000000 000000000000  0         
7560001300168S 013                                                                                                                                                                                                                              
7560001300169P 010563100000020064454 000029099801011     10 224240826400000001001202500000000002471900000 02A13122024110012025000000000000008000000000000000000000000000000000000000000000000000000                         1000   090000000000 
7560001300170Q 011000026634012857JERRISLEI BENTO NOGUEIRA                AVENIDA CARLOS FERREIRA ENDRES ,1205    VILA ENDRES    07041030      GUARULHOSSP0000000000000000                                        000                            
7560001300171R 01000000000000000000000000000000000000000000000000110012025000000000000494                                                                                                              0000000000000000 000000000000  0         
7560001300172S 013                                                                                                                                                                                                                              
7560001300173P 010563100000020064454 000029100101011     10 224356715700000001001202500000000005618000000 02A13122024110012025000000000000019000000000000000000000000000000000000000000000000000000                         1000   090000000000 
7560001300174Q 011000007057855990KAUANNE FERREIRA DE MELO                AVENIDA MAZZEI ,12                      VILA MAZZEI    02310001      SAO PAULOSP0000000000000000                                        000                            
7560001300175R 01000000000000000000000000000000000000000000000000110012025000000000001124                                                                                                              0000000000000000 000000000000  0         
7560001300176S 013                                                                                                                                                                                                                              
7560001300177P 010563100000020064454 000029101901011     10 224399596600000000501202500000000003392000000 02A13122024105012025000000000000011000000000000000000000000000000000000000000000000000000                         1000   090000000000 
7560001300178Q 011000045489539810KETYLIN DOS SANTOS                      RUA BRANQUILHO ,30                      JARDIM DAS CAME08050470      SAO PAULOSP0000000000000000                                        000                            
7560001300179R 01000000000000000000000000000000000000000000000000105012025000000000000678                                                                                                              0000000000000000 000000000000  0         
7560001300180S 013                                                                                                                                                                                                                              
7560001300181P 010563100000020064454 000029102601011     10 224229320540000001501202500000000003200000000 02A13122024115012025000000000000011000000000000000000000000000000000000000000000000000000                         1000   090000000000 
7560001300182Q 011000033338296819LEIDIANE DOS SANTOS GOMES               RUA IBIRAJUBA ,487                      JARDIM MONTE CA07194000      GUARULHOSSP0000000000000000                                        000                            
7560001300183R 01000000000000000000000000000000000000000000000000115012025000000000000640                                                                                                              0000000000000000 000000000000  0         
7560001300184S 013                                                                                                                                                                                                                              
7560001300185P 010563100000020064454 000029103301011     10 224005318450000001001202500000000002830200000 02A13122024110012025000000000000009000000000000000000000000000000000000000000000000000000                         1000   090000000000 
7560001300186Q 011000042564299806LETTICIA POSCHI MOTA                    RUA FRANCISCO PEREIRA ,466              VILA GALVAO    07071060      GUARULHOSSP0000000000000000                                        000                            
7560001300187R 01000000000000000000000000000000000000000000000000110012025000000000000566                                                                                                              0000000000000000 000000000000  0         
7560001300188S 013                                                                                                                                                                                                                              
7560001300189P 010563100000020064454 000029104001011     10 224321314350000000501202500000000006011300000 02A13122024105012025000000000000020000000000000000000000000000000000000000000000000000000                         1000   090000000000 
7560001300190Q 011000009664163848LILIAN DE FATIMA SILVA                  RUA PROFESSOR WLADEMIR PEREIRA ,230     VILA SAO SILVES05386360      SAO PAULOSP0000000000000000                                        000                            
7560001300191R 01000000000000000000000000000000000000000000000000105012025000000000001202                                                                                                              0000000000000000 000000000000  0         
7560001300192S 013                                                                                                                                                                                                                              
7560001300193P 010563100000020064454 000029105801011     10 224444215830000001501202500000000007415800000 02A13122024115012025000000000000024000000000000000000000000000000000000000000000000000000                         1000   090000000000 
7560001300194Q 011000024985557811VIVIANE MAGLIANO                        RUA CATAO ,626                          VILA ROMANA    05049000      SAO PAULOSP0000000000000000                                        000                            
7560001300195R 01000000000000000000000000000000000000000000000000115012025000000000001483                                                                                                              0000000000000000 000000000000  0         
7560001300196S 013                                                                                                                                                                                                                              
7560001300197P 010563100000020064454 000029106501011     10 224322517840000001001202500000000002247200000 02A13122024110012025000000000000007000000000000000000000000000000000000000000000000000000                         1000   090000000000 
7560001300198Q 011000025385360813BENEDITA BISPO DA HORA                  RUA BENEDICTO THIESO ,28                PARQUE RESIDENC07159870      GUARULHOSSP0000000000000000                                        000                            
7560001300199R 01000000000000000000000000000000000000000000000000110012025000000000000449                                                                                                              0000000000000000 000000000000  0         
7560001300200S 013                                                                                                                                                                                                                              
7560001300201P 010563100000020064454 000029107201011     10 224243259500000000501202500000000002830200000 02A13122024105012025000000000000009000000000000000000000000000000000000000000000000000000                         1000   090000000000 
7560001300202Q 011000098867539000LUCIANA HISAYO ENDO                     RUA BENEDITO FAUSTINO DE MORAIS ,48     VILA RACHID    07012080      GUARULHOSSP0000000000000000                                        000                            
7560001300203R 01000000000000000000000000000000000000000000000000105012025000000000000566                                                                                                              0000000000000000 000000000000  0         
7560001300204S 013                                                                                                                                                                                                                              
7560001300205P 010563100000020064454 000029108001011     10 224365120980000001001202500000000005500000000 02A13122024110012025000000000000018000000000000000000000000000000000000000000000000000000                         1000   090000000000 
7560001300206Q 011000006694524838MARIA LUIZA ARDIZZONE ROSSI             RUA DOUTOR SOLON FERNANDES ,172         VILA ROSALIA   07072080      GUARULHOSSP0000000000000000                                        000                            
7560001300207R 01000000000000000000000000000000000000000000000000110012025000000000001100                                                                                                              0000000000000000 000000000000  0         
7560001300208S 013                                                                                                                                                                                                                              
7560001300209P 010563100000020064454 000029109701011     10 224101419930000001501202500000000001900000000 02A13122024115012025000000000000006000000000000000000000000000000000000000000000000000000                         1000   090000000000 
7560001300210Q 011000016909083865CATIA CIRLENE DE OLIVEIRA SANTOS        RUA ANUNCIATA ZACARDI CERCONI ,34       JARDIM VALERIA 07124545      GUARULHOSSP0000000000000000                                        000                            
7560001300211R 01000000000000000000000000000000000000000000000000115012025000000000000380                                                                                                              0000000000000000 000000000000  0         
7560001300212S 013                                                                                                                                                                                                                              
7560001300213P 010563100000020064454 000029110501011     10 224083616710000001001202500000000001977500000 02A13122024110012025000000000000007000000000000000000000000000000000000000000000000000000                         1000   090000000000 
7560001300214Q 011000099343460872WANDERLEY JOSE RAMOS VENANCIO           RUA URBANO SANTOS ,530                  SITIO DOS BRITO07182320      GUARULHOSSP0000000000000000                                        000                            
7560001300215R 01000000000000000000000000000000000000000000000000110012025000000000000396                                                                                                              0000000000000000 000000000000  0         
7560001300216S 013                                                                                                                                                                                                                              
7560001300217P 010563100000020064454 000029111201011     10 224454321500000000501202500000000002470000000 02A13122024105012025000000000000008000000000000000000000000000000000000000000000000000000                         1000   090000000000 
7560001300218Q 011000046530313800MARIANA SILVA SANTANA                   AVENIDA PRESIDENTE HUMBERTO DE ALEN,2495VILA LEONOR    07024170      GUARULHOSSP0000000000000000                                        000                            
7560001300219R 01000000000000000000000000000000000000000000000000105012025000000000000494                                                                                                              0000000000000000 000000000000  0         
7560001300220S 013                                                                                                                                                                                                                              
7560001300221P 010563100000020064454 000029112001011     10 224185720380000001501202500000000001800000000 02A13122024115012025000000000000006000000000000000000000000000000000000000000000000000000                         1000   090000000000 
7560001300222Q 011000028048739860MARCELO DORNAS PANHOTTA NEVES           RUA ANTONIO RABELLO ,50                 JARDIM ALIANCA 07063080      GUARULHOSSP0000000000000000                                        000                            
7560001300223R 01000000000000000000000000000000000000000000000000115012025000000000000360                                                                                                              0000000000000000 000000000000  0         
7560001300224S 013                                                                                                                                                                                                                              
7560001300225P 010563100000020064454 000029113701011     10 224386821150000001001202500000000002100000000 02A13122024110012025000000000000007000000000000000000000000000000000000000000000000000000                         1000   090000000000 
7560001300226Q 011000082473277591ELISAMA NATIVIDADE DOS SANTOS SILVA     AVENIDA JACUPIRANGA ,90A                PARQUE JUREMA  07244170      GUARULHOSSP0000000000000000                                        000                            
7560001300227R 01000000000000000000000000000000000000000000000000110012025000000000000420                                                                                                              0000000000000000 000000000000  0         
7560001300228S 013                                                                                                                                                                                                                              
7560001300229P 010563100000020064454 000029114401011     10 224018542000000000501202500000000002823000000 02A13122024105012025000000000000009000000000000000000000000000000000000000000000000000000                         1000   090000000000 
7560001300230Q 011000011632733846PAULO SERGIO GONCALVES DE OLIVEIRA      RUA ALBERTO HINOTO BENTO ,294           MACEDO         07197140      GUARULHOSSP0000000000000000                                        000                            
7560001300231R 01000000000000000000000000000000000000000000000000105012025000000000000565                                                                                                              0000000000000000 000000000000  0         
7560001300232S 013                                                                                                                                                                                                                              
7560001300233P 010563100000020064454 000029115101011     10 224184520370000001501202500000000002000000000 02A13122024115012025000000000000007000000000000000000000000000000000000000000000000000000                         1000   090000000000 
7560001300234Q 011000028048739860MARCELO DORNAS PANHOTTA NEVES           RUA ANTONIO RABELLO ,50                 JARDIM ALIANCA 07063080      GUARULHOSSP0000000000000000                                        000                            
7560001300235R 01000000000000000000000000000000000000000000000000115012025000000000000400                                                                                                              0000000000000000 000000000000  0         
7560001300236S 013                                                                                                                                                                                                                              
7560001300237P 010563100000020064454 000029116901011     10 224462021540000001501202500000000003350000000 02A13122024115012025000000000000011000000000000000000000000000000000000000000000000000000                         1000   090000000000 
7560001300238Q 011000047770715881REBECA LOPES GOMES                      RUA HENRIQUE LUZ ,300                   EMBURA         04893017      SAO PAULOSP0000000000000000                                        000                            
7560001300239R 01000000000000000000000000000000000000000000000000115012025000000000000670                                                                                                              0000000000000000 000000000000  0         
7560001300240S 013                                                                                                                                                                                                                              
7560001300241P 010563100000020064454 000029117601011     10 224159016900000001001202500000000002400000000 02A13122024110012025000000000000008000000000000000000000000000000000000000000000000000000                         1000   090000000000 
7560001300242Q 011000011874897867LUIZ ALEXANDRE PROFITTI                 RUA INDAIA ,200                         VILA PRUDENTE  03132125      SAO PAULOSP0000000000000000                                        000                            
7560001300243R 01000000000000000000000000000000000000000000000000110012025000000000000480                                                                                                              0000000000000000 000000000000  0         
7560001300244S 013                                                                                                                                                                                                                              
7560001300245P 010563100000020064454 000029118301011     10 224024518190000000501202500000000002480400000 02A13122024105012025000000000000008000000000000000000000000000000000000000000000000000000                         1000   090000000000 
7560001300246Q 011000028597539828ROSANGELA DE LOURDES MENDES             RUA PRIMEIRO DE MAIO ,56                VILA ANTONIETA 07041220      GUARULHOSSP0000000000000000                                        000                            
7560001300247R 01000000000000000000000000000000000000000000000000105012025000000000000496                                                                                                              0000000000000000 000000000000  0         
7560001300248S 013                                                                                                                                                                                                                              
7560001300249P 010563100000020064454 000029119001011     10 224332115570000000501202500000000002809000000 02A13122024105012025000000000000009000000000000000000000000000000000000000000000000000000                         1000   090000000000 
7560001300250Q 011000043483096809SABRINA DE OLIVEIRA TAVARES             RUA DOUTOR PAULO MAURICIO DE OLIVEI,128 RESIDENCIAL CER07130560      GUARULHOSSP0000000000000000                                        000                            
7560001300251R 01000000000000000000000000000000000000000000000000105012025000000000000562                                                                                                              0000000000000000 000000000000  0         
7560001300252S 013                                                                                                                                                                                                                              
7560001300253P 010563100000020064454 000029120901011     10 224025718270000001001202500000000002547200000 02A13122024110012025000000000000008000000000000000000000000000000000000000000000000000000                         1000   090000000000 
7560001300254Q 011000039053153861SAMMYA M. DA S. SOUSA                   RUA SARGENTO DA AERONAUTICA ARIOVAL,404 CIDADE JARDIM C07181240      GUARULHOSSP0000000000000000                                        000                            
7560001300255R 01000000000000000000000000000000000000000000000000110012025000000000000509                                                                                                              0000000000000000 000000000000  0         
7560001300256S 013                                                                                                                                                                                                                              
7560001300257P 010563100000020064454 000029121601011     10 224287053700000001001202500000000005561800000 02A13122024110012025000000000000018000000000000000000000000000000000000000000000000000000                         1000   090000000000 
7560001300258Q 011000009017220813SUZI SANTOS MONIZ                       ALAMEDA RIBEIRAO PRETO ,111             BELA VISTA     01331001      SAO PAULOSP0000000000000000                                        000                            
7560001300259R 01000000000000000000000000000000000000000000000000110012025000000000001112                                                                                                              0000000000000000 000000000000  0         
7560001300260S 013                                                                                                                                                                                                                              
7560001300261P 010563100000020064454 000029122301011     10 224029318730000001001202500000000003180000000 02A13122024110012025000000000000010000000000000000000000000000000000000000000000000000000                         1000   090000000000 
7560001300262Q 011000032837190802THAIS CRISTINA DA COSTA GHIDELLI CAMPOS AVENIDA LAURO GOMES ,111                RUDGE RAMOS    09635010SAO BERNARDO DOSP0000000000000000                                        000                            
7560001300263R 01000000000000000000000000000000000000000000000000110012025000000000000636                                                                                                              0000000000000000 000000000000  0         
7560001300264S 013                                                                                                                                                                                                                              
7560001300265P 010563100000020064454 000029123001011     10 224092015140000001001202500000000002224700000 02A13122024110012025000000000000007000000000000000000000000000000000000000000000000000000                         1000   090000000000 
7560001300266Q 011000004913644823VALQUIRIA DE CASSIA NUNES SOARES        RUA RODOVALHO JUNIOR ,44                PENHA DE FRANCA03605000      SAO PAULOSP0000000000000000                                        000                            
7560001300267R 01000000000000000000000000000000000000000000000000110012025000000000000445                                                                                                              0000000000000000 000000000000  0         
7560001300268S 013                                                                                                                                                                                                                              
7560001300269P 010563100000020064454 000029124801011     10 224093210220000000501202500000000003262900000 02A13122024105012025000000000000011000000000000000000000000000000000000000000000000000000                         1000   090000000000 
7560001300270Q 011000043704621854VICTOR TONETTO MARQUES                  RUA SILVESTRE VASCONCELOS CALMON ,486   VILA PEDRO MORE07020001      GUARULHOSSP0000000000000000                                        000                            
7560001300271R 01000000000000000000000000000000000000000000000000105012025000000000000653                                                                                                              0000000000000000 000000000000  0         
7560001300272S 013                                                                                                                                                                                                                              
7560001300273P 010563100000020064454 000029125501011     10 224164520230000001501202500000000001500000000 02A13122024115012025000000000000005000000000000000000000000000000000000000000000000000000                         1000   090000000000 
7560001300274Q 011000052570518859VITOR VIEIRA ALBUQUERQUE                RUA NOSSA SENHORA MAE DOS HOMENS ,1153  VILA PROGRESSO 07091000      GUARULHOSSP0000000000000000                                        000                            
7560001300275R 01000000000000000000000000000000000000000000000000115012025000000000000300                                                                                                              0000000000000000 000000000000  0         
7560001300276S 013                                                                                                                                                                                                                              
7560001300277P 010563100000020064454 000029126201011     10 223953918560000001501202500000000002800000000 02A13122024115012025000000000000009000000000000000000000000000000000000000000000000000000                         1000   090000000000 
7560001300278Q 011000049482848829WEVERTON BATISTA DOS SANTOS             RUA CARLOS LEITE DOS SANTOS ,88         PARQUE ARARIBA 05778120      SAO PAULOSP0000000000000000                                        000                            
7560001300279R 01000000000000000000000000000000000000000000000000115012025000000000000560                                                                                                              0000000000000000 000000000000  0         
7560001300280S 013                                                                                                                                                                                                                              
7560001300281P 010563100000020064454 000029127001011     10 224236220610000001001202500000000002600000000 02A13122024110012025000000000000009000000000000000000000000000000000000000000000000000000                         1000   090000000000 
7560001300282Q 011000029578120885JULIANA MARIA DE OLIVEIRA               RUA CARLOS MALHEIRO DIAS ,308           VILA PIRITUBA  05170040      SAO PAULOSP0000000000000000                                        000                            
7560001300283R 01000000000000000000000000000000000000000000000000110012025000000000000520                                                                                                              0000000000000000 000000000000  0         
7560001300284S 013                                                                                                                                                                                                                              
75600015         00007100007100000000002090437000000000000000000000000000000000000000000000000000000000000000000000                                                                                                                             
75699999         000001000071000000                                                                                                                                                                                                             