75600000         219895217000135                    0563100000020064454 IWS CURSOS DE IDIOMAS LTDA    SICOOB                                  12201202509232000000108100000                                                                     
75600011R01  040 2019895217000135                    0563100000020064454 IWS CURSOS DE IDIOMAS LTDA                                                                                    000048732201202500000000                                 
7560001300001P 010563100000020064454 000029374001011     10 224619312400000001501202500000000000524200000 02A22012025115012025000000000000002000000000000000000000000000000000000000000000000000000                         1000   090000000000 
7560001300002Q 011000052522627805ERIC VINICIUS DA SILVA MARTINS          RUA NIDIA ,221                          CIDADE PARQUE A07242400      GUARULHOSSP0000000000000000                                        000                            
7560001300003R 01000000000000000000000000000000000000000000000000115012025000000000000105                                                                                                              0000000000000000 000000000000  0         
7560001300004S 013                                                                                                                                                                                                                              
75600015         00000100000100000000000005242000000000000000000000000000000000000000000000000000000000000000000000                                                                                                                             
75699999         000001000001000000                                                                                                                                                                                                             