75600000         219895217000135                    0563100000020087306 IWS CURSOS DE IDIOMAS LTDA    SICOOB                                  12010202006544500000108100000                                                                     
75600011R01  040 2019895217000135                    0563100000020087306 IWS CURSOS DE IDIOMAS LTDA                                                                                    000016832010202000000000                                 
75600015         00000000000000000000000000000000000000000000000000000000000000000000000000000000000000000000000000                                                                                                                             
75699999         000001000000000000                                                                                                                                                                                                             