75600000         219895217000135                    0563100000020064454 IWS CURSOS DE IDIOMAS LTDA    SICOOB                                  12708202413153800000108100000                                                                     
75600011R01  040 2019895217000135                    0563100000020064454 IWS CURSOS DE IDIOMAS LTDA                                                                                    000047232708202400000000                                 
7560001300001P 010563100000020064454 000027949801011     10 224385121140000003008202400000000002870000000 02A27082024130082024000000000000009000000000000000000000000000000000000000000000000000000                         1000   090000000000 
7560001300002Q 011000031906088810JEZABEL ROSA MORAES HOLANDA             TRAVESSA SAO FIDELIS ,140               VILA ROSALIA   07064032      GUARULHOSSP0000000000000000                                        000                            
7560001300003R 01000000000000000000000000000000000000000000000000130082024000000000000574                                                                                                              0000000000000000 000000000000  0         
7560001300004S 013                                                                                                                                                                                                                              
7560001300005P 010563100000020064454 000027950601011     10 224386321140000001009202400000000001500000000 02A27082024110092024000000000000005000000000000000000000000000000000000000000000000000000                         1000   090000000000 
7560001300006Q 011000031906088810JEZABEL ROSA MORAES HOLANDA             TRAVESSA SAO FIDELIS ,140               VILA ROSALIA   07064032      GUARULHOSSP0000000000000000                                        000                            
7560001300007R 01000000000000000000000000000000000000000000000000110092024000000000000300                                                                                                              0000000000000000 000000000000  0         
7560001300008S 013                                                                                                                                                                                                                              
7560001300009P 010563100000020064454 000027951301011     10 224383821130000003008202400000000003870000000 02A27082024130082024000000000000013000000000000000000000000000000000000000000000000000000                         1000   090000000000 
7560001300010Q 011000042656568897LAYANA BRITO LIMA                       RUA ERNESTO DE CASTRO ,139              BRAS           03042010      SAO PAULOSP0000000000000000                                        000                            
7560001300011R 01000000000000000000000000000000000000000000000000130082024000000000000774                                                                                                              0000000000000000 000000000000  0         
7560001300012S 013                                                                                                                                                                                                                              
7560001300013P 010563100000020064454 000027952001011     10 224385021130000003008202400000000001500000000 02A27082024130082024000000000000005000000000000000000000000000000000000000000000000000000                         1000   090000000000 
7560001300014Q 011000042656568897LAYANA BRITO LIMA                       RUA ERNESTO DE CASTRO ,139              BRAS           03042010      SAO PAULOSP0000000000000000                                        000                            
7560001300015R 01000000000000000000000000000000000000000000000000130082024000000000000300                                                                                                              0000000000000000 000000000000  0         
7560001300016S 013                                                                                                                                                                                                                              
75600015         00000400000400000000000097400000000000000000000000000000000000000000000000000000000000000000000000                                                                                                                             
75699999         000001000004000000                                                                                                                                                                                                             