75600000         229492820000120                    0563100000020087306 ANEXA IDIOMAS LTDA            SICOOB                                  10302202514122700000108100000                                                                     
75600011R01  040 2029492820000120                    0563100000020087306 ANEXA IDIOMAS LTDA                                                                                            000048840302202500000000                                 
7560001300001P 010563100000020087306 000029469101011     10 224626290000000002002202500000000017251800000 02A03022025120022025000000000000057000000000000000000000000000000000000000000000000000000                         1000   090000000000 
7560001300002Q 012060687639000119PLURY QUIMICAS                          RUA SERRA DA BORBOREMA ,270             CAMPANARIO     09930580        DIADEMASP0000000000000000                                        000                            
7560001300003R 01000000000000000000000000000000000000000000000000120022025000000000003450                                                                                                              0000000000000000 000000000000  0         
7560001300004S 013                                                                                                                                                                                                                              
75600015         00000100000100000000000172518000000000000000000000000000000000000000000000000000000000000000000000                                                                                                                             
75699999         000001000001000000                                                                                                                                                                                                             