75600000         229492820000120                    0563100000020087306 ANEXA IDIOMAS LTDA            SICOOB                                  12108202413582600000108100000                                                                     
75600011R01  040 2029492820000120                    0563100000020087306 ANEXA IDIOMAS LTDA                                                                                            000047052108202400000000                                 
7560001300001P 010563100000020087306 000027775301011     10 224295218240000000509202400000000000300000000 02A21082024105092024000000000000001000000000000000000000000000000000000000000000000000000                         1000   090000000000 
7560001300002Q 011000032193753830ADRIANA DA ROCHA FERREIRA               AVENIDA SENADOR VERGUEIRO ,2.685        ANCHIETA       09601000SAO BERNARDO DOSP0000000000000000                                        000                            
7560001300003R 01000000000000000000000000000000000000000000000000105092024000000000000060                                                                                                              0000000000000000 000000000000  0         
7560001300004S 013                                                                                                                                                                                                                              
7560001300005P 010563100000020087306 000027776001011     10 223965318690000000509202400000000001897400000 02A21082024105092024000000000000006000000000000000000000000000000000000000000000000000000                         1000   090000000000 
7560001300006Q 011000019275440840DANIELA APARECIDA FERREIRA CHAVES       AVENIDA DOM JAIME DE BARROS CAMARA ,357 PLANALTO       09895400SAO BERNARDO DOSP0000000000000000                                        000                            
7560001300007R 01000000000000000000000000000000000000000000000000105092024000000000000379                                                                                                              0000000000000000 000000000000  0         
7560001300008S 013                                                                                                                                                                                                                              
7560001300009P 010563100000020087306 000027777801011     10 224146619170000000509202400000000003943200000 02A21082024105092024000000000000013000000000000000000000000000000000000000000000000000000                         1000   090000000000 
7560001300010Q 011000011682946819CLEBER JOSE RICARDO MARQUES             AVENIDA LEONARDO DA VINCI ,2566         VILA GUARANI (Z04313002      SAO PAULOSP0000000000000000                                        000                            
7560001300011R 01000000000000000000000000000000000000000000000000105092024000000000000789                                                                                                              0000000000000000 000000000000  0         
7560001300012S 013                                                                                                                                                                                                                              
7560001300013P 010563100000020087306 000027778501011     10 224002518810000000509202400000000001897400000 02A21082024105092024000000000000006000000000000000000000000000000000000000000000000000000                         1000   090000000000 
7560001300014Q 011000026928896817MARCIO RICARDO ARAUJO                   AV. DOM JAIME DE BARROS CAMARA  ,763    PLANALTO       09895400SAO BERNARDO DOSP0000000000000000                                        000                            
7560001300015R 01000000000000000000000000000000000000000000000000105092024000000000000379                                                                                                              0000000000000000 000000000000  0         
7560001300016S 013                                                                                                                                                                                                                              
7560001300017P 010563100000020087306 000027779201011     10 224003718710000000509202400000000001791400000 02A21082024105092024000000000000006000000000000000000000000000000000000000000000000000000                         1000   090000000000 
7560001300018Q 011000058254616809MARCO RODRIGUES PEREIRA                 RUA PADRE PEDRO RIGO ,215               PLANALTO       09895750SAO BERNARDO DOSP0000000000000000                                        000                            
7560001300019R 01000000000000000000000000000000000000000000000000105092024000000000000358                                                                                                              0000000000000000 000000000000  0         
7560001300020S 013                                                                                                                                                                                                                              
7560001300021P 010563100000020087306 000027780001011     10 224344120810000000509202400000000002840000000 02A21082024105092024000000000000009000000000000000000000000000000000000000000000000000000                         1000   090000000000 
7560001300022Q 011000048719557884MARIA LUIZA CESARIO MARTINS             RUA DE PINEDO ,83                       CENTRO/ VILA AL09720270SAO BERNARDO DOSP0000000000000000                                        000                            
7560001300023R 01000000000000000000000000000000000000000000000000105092024000000000000568                                                                                                              0000000000000000 000000000000  0         
7560001300024S 013                                                                                                                                                                                                                              
7560001300025P 010563100000020087306 000027781801011     10 224289220660000000509202400000000002220000000 02A21082024105092024000000000000007000000000000000000000000000000000000000000000000000000                         1000   090000000000 
7560001300026Q 011000033585731848SHISLENE REIS SANTANA GOMES             AVENIDA DOM JAIME DE BARROS CAMARA ,357 PLANALTO       09895400SAO BERNARDO DOSP0000000000000000                                        000                            
7560001300027R 01000000000000000000000000000000000000000000000000105092024000000000000444                                                                                                              0000000000000000 000000000000  0         
7560001300028S 013                                                                                                                                                                                                                              
7560001300029P 010563100000020087306 000027782501011     10 224026513400000000509202400000000004081000000 02A21082024105092024000000000000013000000000000000000000000000000000000000000000000000000                         1000   090000000000 
7560001300030Q 011000010823630811SANDRO APARECIDO IGNACIO                RUA GAMBOA ,434                         PARAISO        09190670    SANTO ANDRESP0000000000000000                                        000                            
7560001300031R 01000000000000000000000000000000000000000000000000105092024000000000000816                                                                                                              0000000000000000 000000000000  0         
7560001300032S 013                                                                                                                                                                                                                              
75600015         00000800000800000000000189704000000000000000000000000000000000000000000000000000000000000000000000                                                                                                                             
75699999         000001000008000000                                                                                                                                                                                                             