75600000         229492820000120                    0563100000020087306 ANEXA IDIOMAS LTDA            SICOOB                                  11209202410545900000108100000                                                                     
75600011R01  040 2029492820000120                    0563100000020087306 ANEXA IDIOMAS LTDA                                                                                            000047431209202400000000                                 
7560001300001P 010563100000020087306 000028057701011     10 224039419720000000110202400000000004800000000 02A12092024101102024000000000000016000000000000000000000000000000000000000000000000000000                         1000   090000000000 
7560001300002Q 011000034063550800ADRIANO CARNEVALI FERRO                 AV. DOM JAIME DE BARROS CAMARA ,357     PLANALTO       09895400SAO BERNARDO DOSP0000000000000000                                        000                            
7560001300003R 01000000000000000000000000000000000000000000000000101102024000000000000960                                                                                                              0000000000000000 000000000000  0         
7560001300004S 013                                                                                                                                                                                                                              
7560001300005P 010563100000020087306 000028058401011     10 224034219730000000110202400000000001790000000 02A12092024101102024000000000000006000000000000000000000000000000000000000000000000000000                         1000   090000000000 
7560001300006Q 011000034063550800ADRIANO CARNEVALI FERRO                 AV. DOM JAIME DE BARROS CAMARA ,357     PLANALTO       09895400SAO BERNARDO DOSP0000000000000000                                        000                            
7560001300007R 01000000000000000000000000000000000000000000000000101102024000000000000358                                                                                                              0000000000000000 000000000000  0         
7560001300008S 013                                                                                                                                                                                                                              
7560001300009P 010563100000020087306 000028059101011     10 223916312720000002509202400000000002528100000 02A12092024125092024000000000000008000000000000000000000000000000000000000000000000000000                         1000   090000000000 
7560001300010Q 011000028642395826CARLA REGINA DE ARAUJO                  AVENIDA DOM JAIME DE BARROS CAMARA ,885 PLANALTO       09895400SAO BERNARDO DOSP0000000000000000                                        000                            
7560001300011R 01000000000000000000000000000000000000000000000000125092024000000000000506                                                                                                              0000000000000000 000000000000  0         
7560001300012S 013                                                                                                                                                                                                                              
7560001300013P 010563100000020087306 000028060001011     10 224051595900000003009202400000000002220000000 02A12092024130092024000000000000007000000000000000000000000000000000000000000000000000000                         1000   090000000000 
7560001300014Q 011000028354882861JOAO PAULO MORGUETO                     AV. DOM JAIME DE BARROS CAMARA ,515     PLANALTO       09895400SAO BERNARDO DOSP0000000000000000                                        000                            
7560001300015R 01000000000000000000000000000000000000000000000000130092024000000000000444                                                                                                              0000000000000000 000000000000  0         
7560001300016S 013                                                                                                                                                                                                                              
7560001300017P 010563100000020087306 000028061701011     10 223923512700000003009202400000000001775000000 02A12092024130092024000000000000006000000000000000000000000000000000000000000000000000000                         1000   090000000000 
7560001300018Q 011000073446530363ANTONIO IRAILSON BEZERRA SABOIA         RUA PROFESSOR EDMUNDO VASCONCELOS ,158  VL JUPITER     09890420SAO BERNARDO DOSP0000000000000000                                        000                            
7560001300019R 01000000000000000000000000000000000000000000000000130092024000000000000355                                                                                                              0000000000000000 000000000000  0         
7560001300020S 013                                                                                                                                                                                                                              
7560001300021P 010563100000020087306 000028062401011     10 224241611150000002509202400000000003033700000 02A12092024125092024000000000000010000000000000000000000000000000000000000000000000000000                         1000   090000000000 
7560001300022Q 011000098449648491MARIA HELENA DOS REIS                   RUA JOAO DOMINGUES TAVARES ,90          PLANALTO       09895010SAO BERNARDO DOSP0000000000000000                                        000                            
7560001300023R 01000000000000000000000000000000000000000000000000125092024000000000000607                                                                                                              0000000000000000 000000000000  0         
7560001300024S 013                                                                                                                                                                                                                              
7560001300025P 010563100000020087306 000028063101011     10 224252720630000003009202400000000002830000000 02A12092024130092024000000000000009000000000000000000000000000000000000000000000000000000                         1000   090000000000 
7560001300026Q 011000044608181831LUANA HELENA BOM FARIAS                 AVENIDA DOM JAIME DE BARROS CAMARA ,670 PLANALTO       09895400SAO BERNARDO DOSP0000000000000000                                        000                            
7560001300027R 01000000000000000000000000000000000000000000000000130092024000000000000566                                                                                                              0000000000000000 000000000000  0         
7560001300028S 013                                                                                                                                                                                                                              
7560001300029P 010563100000020087306 000028064901011     10 223939113070000002509202400000000002320300000 02A12092024125092024000000000000008000000000000000000000000000000000000000000000000000000                         1000   090000000000 
7560001300030Q 011000014930017874MARCOS DONIZETE DOS SANTOS              AVENIDA DOM JAIME DE BARROS CAMARA ,885 PLANALTO       09895400SAO BERNARDO DOSP0000000000000000                                        000                            
7560001300031R 01000000000000000000000000000000000000000000000000125092024000000000000464                                                                                                              0000000000000000 000000000000  0         
7560001300032S 013                                                                                                                                                                                                                              
7560001300033P 010563100000020087306 000028065601011     10 224121519700000003009202400000000003000000000 02A12092024130092024000000000000010000000000000000000000000000000000000000000000000000000                         1000   090000000000 
7560001300034Q 011000000879236884RAQUEL DIAS RAMALHO                     RUA HEIZO NAKANO ,44                    DEMARCHI       09811901SAO BERNARDO DOSP0000000000000000                                        000                            
7560001300035R 01000000000000000000000000000000000000000000000000130092024000000000000600                                                                                                              0000000000000000 000000000000  0         
7560001300036S 013                                                                                                                                                                                                                              
7560001300037P 010563100000020087306 000028066301011     10 223891118610000003009202400000000002897000000 02A12092024130092024000000000000010000000000000000000000000000000000000000000000000000000                         1000   090000000000 
7560001300038Q 011000022328841805RICARDO MOREIRA BORGES                  RUA JABORANDI ,38                       JARDIM CONTINEN13225097VARZEA PAULISTASP0000000000000000                                        000                            
7560001300039R 01000000000000000000000000000000000000000000000000130092024000000000000579                                                                                                              0000000000000000 000000000000  0         
7560001300040S 013                                                                                                                                                                                                                              
7560001300041P 010563100000020087306 000028067001011     10 224027713370000002509202400000000001749000000 02A12092024125092024000000000000006000000000000000000000000000000000000000000000000000000                         1000   090000000000 
7560001300042Q 011000034193427803EDVANIA SILVA PEREIRA                   AVENIDA DOM JAIME DE BARROS CAMARA ,763 PLANALTO       09895400     ADAMANTINASP0000000000000000                                        000                            
7560001300043R 01000000000000000000000000000000000000000000000000125092024000000000000350                                                                                                              0000000000000000 000000000000  0         
7560001300044S 013                                                                                                                                                                                                                              
7560001300045P 010563100000020087306 000028068801011     10 224055519950000003009202400000000003520000000 02A12092024130092024000000000000012000000000000000000000000000000000000000000000000000000                         1000   090000000000 
7560001300046Q 011000052635208832VICTOR GASPARINO BARBOSA                RUA LEILA GONCALVES ,449                VILA GONCALVES 09725050SAO BERNARDO DOSP0000000000000000                                        000                            
7560001300047R 01000000000000000000000000000000000000000000000000130092024000000000000704                                                                                                              0000000000000000 000000000000  0         
7560001300048S 013                                                                                                                                                                                                                              
75600015         00001200001200000000000324631000000000000000000000000000000000000000000000000000000000000000000000                                                                                                                             
75699999         000001000012000000                                                                                                                                                                                                             