75600000         219895217000135                    0563100000020064454 IWS CURSOS DE IDIOMAS LTDA    SICOOB                                  10907202400155500000108100000                                                                     
75600011R01  040 2019895217000135                    0563100000020064454 IWS CURSOS DE IDIOMAS LTDA                                                                                    000046400907202400000000                                 
7560001300001P 010563100000020064454 000027379801011     10 224334199900000001007202400000000000200000000 02A09072024110072024000000000000001000000000000000000000000000000000000000000000000000000                         1000   090000000000 
7560001300002Q 011000033390590803MICHEL FERNANDES RAMOS                  RUA CASEMIRO DIAS ,297                  VILA NOVA      19010280PRESIDENTE PRUDSP0000000000000000                                        000                            
7560001300003R 01000000000000000000000000000000000000000000000000110072024000000000000040                                                                                                              0000000000000000 000000000000  0         
7560001300004S 013                                                                                                                                                                                                                              
7560001300005P 010563100000020064454 000027380601011     10 224334299900000001008202400000000000200000000 02A09072024110082024000000000000001000000000000000000000000000000000000000000000000000000                         1000   090000000000 
7560001300006Q 011000033390590803MICHEL FERNANDES RAMOS                  RUA CASEMIRO DIAS ,297                  VILA NOVA      19010280PRESIDENTE PRUDSP0000000000000000                                        000                            
7560001300007R 01000000000000000000000000000000000000000000000000110082024000000000000040                                                                                                              0000000000000000 000000000000  0         
7560001300008S 013                                                                                                                                                                                                                              
7560001300009P 010563100000020064454 000027381301011     10 224334399900000001009202400000000000200000000 02A09072024110092024000000000000001000000000000000000000000000000000000000000000000000000                         1000   090000000000 
7560001300010Q 011000033390590803MICHEL FERNANDES RAMOS                  RUA CASEMIRO DIAS ,297                  VILA NOVA      19010280PRESIDENTE PRUDSP0000000000000000                                        000                            
7560001300011R 01000000000000000000000000000000000000000000000000110092024000000000000040                                                                                                              0000000000000000 000000000000  0         
7560001300012S 013                                                                                                                                                                                                                              
75600015         00000300000300000000000006000000000000000000000000000000000000000000000000000000000000000000000000                                                                                                                             
75699999         000001000003000000                                                                                                                                                                                                             