75600000         219895217000135                    000000000000000000  IWS CURSOS DE IDIOMAS LTDA    SICOOB                                  10102202121441100000108100000                                                                     
75600011R01  040 2019895217000135                    00000 000000000000  IWS CURSOS DE IDIOMAS LTDA                                                                                    000020780102202100000000                                 
7560001300001P 01000000000000000000  000012073301011     10 222257813160000000102202100000000002625000000 02A01022021101022021000000000000009000000000000000000000000000000000000000000000000000000                         1000   090000000000 
7560001300002Q 011000038416487898CARLOS ANCHIETA FREITAS MENEZES         RUA TEREZINHA ,227                      JARDIM SANTA CL07123090      GUARULHOSSP0000000000000000                                        000                            
7560001300003R 01000000000000000000000000000000000000000000000000101022021000000000000525                                                                                                              0000000000000000 000000000000  0         
7560001300004S 013                                                                                                                                                                                                                              
75600015         00000100000100000000000026250000000000000000000000000000000000000000000000000000000000000000000000                                                                                                                             
75699999         000001000001000000                                                                                                                                                                                                             