75600000         229492820000120                    0563100000020087306 ANEXA IDIOMAS LTDA            SICOOB                                  12101202514063900000108100000                                                                     
75600011R01  040 2029492820000120                    0563100000020087306 ANEXA IDIOMAS LTDA                                                                                            000048712101202500000000                                 
7560001300001P 010563100000020087306 000029362901011     10 224610321630000000502202500000000003872000000 02A21012025105022025000000000000013000000000000000000000000000000000000000000000000000000                         1000   090000000000 
7560001300002Q 011000027800084825CLAUDIA MACEDO DE SOUZA                 AVENIDA DOM JAIME DE BARROS CAMARA ,670 PLANALTO       09895400SAO BERNARDO DOSP0000000000000000                                        000                            
7560001300003R 01000000000000000000000000000000000000000000000000105022025000000000000774                                                                                                              0000000000000000 000000000000  0         
7560001300004S 013                                                                                                                                                                                                                              
7560001300005P 010563100000020087306 000029363601011     10 224147119170000000502202500000000003943200000 02A21012025105022025000000000000013000000000000000000000000000000000000000000000000000000                         1000   090000000000 
7560001300006Q 011000011682946819CLEBER JOSE RICARDO MARQUES             AVENIDA LEONARDO DA VINCI ,2566         VILA GUARANI (Z04313002      SAO PAULOSP0000000000000000                                        000                            
7560001300007R 01000000000000000000000000000000000000000000000000105022025000000000000789                                                                                                              0000000000000000 000000000000  0         
7560001300008S 013                                                                                                                                                                                                                              
7560001300009P 010563100000020087306 000029364301011     10 224003018810000000502202500000000001897400000 02A21012025105022025000000000000006000000000000000000000000000000000000000000000000000000                         1000   090000000000 
7560001300010Q 011000026928896817MARCIO RICARDO ARAUJO                   AV. DOM JAIME DE BARROS CAMARA  ,763    PLANALTO       09895400SAO BERNARDO DOSP0000000000000000                                        000                            
7560001300011R 01000000000000000000000000000000000000000000000000105022025000000000000379                                                                                                              0000000000000000 000000000000  0         
7560001300012S 013                                                                                                                                                                                                                              
7560001300013P 010563100000020087306 000029365001011     10 224004218710000000502202500000000001791400000 02A21012025105022025000000000000006000000000000000000000000000000000000000000000000000000                         1000   090000000000 
7560001300014Q 011000058254616809MARCO RODRIGUES PEREIRA                 RUA PADRE PEDRO RIGO ,215               PLANALTO       09895750SAO BERNARDO DOSP0000000000000000                                        000                            
7560001300015R 01000000000000000000000000000000000000000000000000105022025000000000000358                                                                                                              0000000000000000 000000000000  0         
7560001300016S 013                                                                                                                                                                                                                              
7560001300017P 010563100000020087306 000029366801011     10 224344620810000000502202500000000002840000000 02A21012025105022025000000000000009000000000000000000000000000000000000000000000000000000                         1000   090000000000 
7560001300018Q 011000048719557884MARIA LUIZA CESARIO MARTINS             RUA DE PINEDO ,83                       CENTRO/ VILA AL09720270SAO BERNARDO DOSP0000000000000000                                        000                            
7560001300019R 01000000000000000000000000000000000000000000000000105022025000000000000568                                                                                                              0000000000000000 000000000000  0         
7560001300020S 013                                                                                                                                                                                                                              
7560001300021P 010563100000020087306 000029367501011     10 224289720660000000502202500000000002220000000 02A21012025105022025000000000000007000000000000000000000000000000000000000000000000000000                         1000   090000000000 
7560001300022Q 011000033585731848SHISLENE REIS SANTANA GOMES             AVENIDA DOM JAIME DE BARROS CAMARA ,357 PLANALTO       09895400SAO BERNARDO DOSP0000000000000000                                        000                            
7560001300023R 01000000000000000000000000000000000000000000000000105022025000000000000444                                                                                                              0000000000000000 000000000000  0         
7560001300024S 013                                                                                                                                                                                                                              
75600015         00000600000600000000000165640000000000000000000000000000000000000000000000000000000000000000000000                                                                                                                             
75699999         000001000006000000                                                                                                                                                                                                             