75600000         229492820000120                    0563100000020087306 ANEXA IDIOMAS LTDA            SICOOB                                  11312202422060700000108100000                                                                     
75600011R01  040 2029492820000120                    0563100000020087306 ANEXA IDIOMAS LTDA                                                                                            000048411312202400000000                                 
7560001300001P 010563100000020087306 000029138801011     10 224038519720000000101202500000000004800000000 02A13122024101012025000000000000016000000000000000000000000000000000000000000000000000000                         1000   090000000000 
7560001300002Q 011000034063550800ADRIANO CARNEVALI FERRO                 AV. DOM JAIME DE BARROS CAMARA ,357     PLANALTO       09895400SAO BERNARDO DOSP0000000000000000                                        000                            
7560001300003R 01000000000000000000000000000000000000000000000000101012025000000000000960                                                                                                              0000000000000000 000000000000  0         
7560001300004S 013                                                                                                                                                                                                                              
7560001300005P 010563100000020087306 000029139501011     10 224196120450000001001202500000000002220000000 02A13122024110012025000000000000007000000000000000000000000000000000000000000000000000000                         1000   090000000000 
7560001300006Q 011000033025700823SHIRLEI BATISTA MORILLO                 RUA CAPITAO OLEGARIO TEIXEIRA DA C,117  PLANALTO       09895690SAO BERNARDO DOSP0000000000000000                                        000                            
7560001300007R 01000000000000000000000000000000000000000000000000110012025000000000000444                                                                                                              0000000000000000 000000000000  0         
7560001300008S 013                                                                                                                                                                                                                              
7560001300009P 010563100000020087306 000029140301011     10 224190820410000001001202500000000002288000000 02A13122024110012025000000000000008000000000000000000000000000000000000000000000000000000                         1000   090000000000 
7560001300010Q 011000082872864849AIDE BRITO DE DEUS OLIVEIRA             AVENIDA DOM JAIME DE BARROS CAMARA ,825 PLANALTO       09895400SAO BERNARDO DOSP0000000000000000                                        000                            
7560001300011R 01000000000000000000000000000000000000000000000000110012025000000000000458                                                                                                              0000000000000000 000000000000  0         
7560001300012S 013                                                                                                                                                                                                                              
7560001300013P 010563100000020087306 000029141001011     10 224260615470000001501202500000000003089900000 02A13122024115012025000000000000010000000000000000000000000000000000000000000000000000000                         1000   090000000000 
7560001300014Q 011000016136232839VALDIRENE CORREIA DE LIMA PEREIRA       AVENIDA SARA ZIRLIS ,222                VILA LUTECIA   09130220    SANTO ANDRESP0000000000000000                                        000                            
7560001300015R 01000000000000000000000000000000000000000000000000115012025000000000000618                                                                                                              0000000000000000 000000000000  0         
7560001300016S 013                                                                                                                                                                                                                              
7560001300017P 010563100000020087306 000029142801011     10 223901118290000001001202500000000002109400000 02A13122024110012025000000000000007000000000000000000000000000000000000000000000000000000                         1000   090000000000 
7560001300018Q 011000010645957828ROSANA BOSON CONCEICAO MACEDO           AVENIDA DOM JAIME DE BARROS CAMARA ,675 PLANALTO       09895400SAO BERNARDO DOSP0000000000000000                                        000                            
7560001300019R 01000000000000000000000000000000000000000000000000110012025000000000000422                                                                                                              0000000000000000 000000000000  0         
7560001300020S 013                                                                                                                                                                                                                              
7560001300021P 010563100000020087306 000029143501011     10 223964518920000001001202500000000001897400000 02A13122024110012025000000000000006000000000000000000000000000000000000000000000000000000                         1000   090000000000 
7560001300022Q 011000026577600821ANA PAULA PEREIRA DA SILVA              AV DOM JAIME DE BARROS CAMAR,885   ,885 PLANALTO       09895400SAO BERNARDO DOSP0000000000000000                                        000                            
7560001300023R 01000000000000000000000000000000000000000000000000110012025000000000000379                                                                                                              0000000000000000 000000000000  0         
7560001300024S 013                                                                                                                                                                                                                              
7560001300025P 010563100000020087306 000029144201011     10 223968113360000001501202500000000001574100000 02A13122024115012025000000000000005000000000000000000000000000000000000000000000000000000                         1000   090000000000 
7560001300026Q 011000034193427803EDVANIA SILVA PEREIRA                   AV DOM JAIME DE BARROS CAMARA ,763      BL 03 AP 803   09895400SAO BERNARDO DOSP0000000000000000                                        000                            
7560001300027R 01000000000000000000000000000000000000000000000000115012025000000000000315                                                                                                              0000000000000000 000000000000  0         
7560001300028S 013                                                                                                                                                                                                                              
7560001300029P 010563100000020087306 000029145001011     10 224267819460000001501202500000000001897400000 02A13122024115012025000000000000006000000000000000000000000000000000000000000000000000000                         1000   090000000000 
7560001300030Q 011000000580681637VIVIANE DALCIN GARCIA DE OLIVEIRA       AVENIDA DOM JAIME DE BARROS CAMARA ,515 PLANALTO       09895400SAO BERNARDO DOSP0000000000000000                                        000                            
7560001300031R 01000000000000000000000000000000000000000000000000115012025000000000000379                                                                                                              0000000000000000 000000000000  0         
7560001300032S 013                                                                                                                                                                                                                              
7560001300033P 010563100000020087306 000029146701011     10 224198517260000001001202500000000002011200000 02A13122024110012025000000000000007000000000000000000000000000000000000000000000000000000                         1000   090000000000 
7560001300034Q 011000020533601860LUCIANA CARVALHO                        AVENIDA DOM JAIME DE BARROS CAMARA ,675 PLANALTO       09895400SAO BERNARDO DOSP0000000000000000                                        000                            
7560001300035R 01000000000000000000000000000000000000000000000000110012025000000000000402                                                                                                              0000000000000000 000000000000  0         
7560001300036S 013                                                                                                                                                                                                                              
7560001300037P 010563100000020087306 000029147401011     10 224192120420000001001202500000000002288000000 02A13122024110012025000000000000008000000000000000000000000000000000000000000000000000000                         1000   090000000000 
7560001300038Q 011000041101415835CAROLINE BRITO DE DEUS OLIVEIRA         AVENIDA DOM JAIME DE BARROS CAMARA ,825 PLANALTO       09895400SAO BERNARDO DOSP0000000000000000                                        000                            
7560001300039R 01000000000000000000000000000000000000000000000000110012025000000000000458                                                                                                              0000000000000000 000000000000  0         
7560001300040S 013                                                                                                                                                                                                                              
7560001300041P 010563100000020087306 000029148101011     10 224033319730000000101202500000000001790000000 02A13122024101012025000000000000006000000000000000000000000000000000000000000000000000000                         1000   090000000000 
7560001300042Q 011000034063550800ADRIANO CARNEVALI FERRO                 AV. DOM JAIME DE BARROS CAMARA ,357     PLANALTO       09895400SAO BERNARDO DOSP0000000000000000                                        000                            
7560001300043R 01000000000000000000000000000000000000000000000000101012025000000000000358                                                                                                              0000000000000000 000000000000  0         
7560001300044S 013                                                                                                                                                                                                                              
7560001300045P 010563100000020087306 000029149901011     10 224147019170000000501202500000000003943200000 02A13122024105012025000000000000013000000000000000000000000000000000000000000000000000000                         1000   090000000000 
7560001300046Q 011000011682946819CLEBER JOSE RICARDO MARQUES             AVENIDA LEONARDO DA VINCI ,2566         VILA GUARANI (Z04313002      SAO PAULOSP0000000000000000                                        000                            
7560001300047R 01000000000000000000000000000000000000000000000000105012025000000000000789                                                                                                              0000000000000000 000000000000  0         
7560001300048S 013                                                                                                                                                                                                                              
7560001300049P 010563100000020087306 000029150701011     10 224065619060000001001202500000000002837600000 02A13122024110012025000000000000009000000000000000000000000000000000000000000000000000000                         1000   090000000000 
7560001300050Q 011000044197827814EDUARDO ARENS BENI                      ALAMEDA MINISTRO ROCHA AZEVEDO ,495     CERQUEIRA CESAR01410001      SAO PAULOSP0000000000000000                                        000                            
7560001300051R 01000000000000000000000000000000000000000000000000110012025000000000000568                                                                                                              0000000000000000 000000000000  0         
7560001300052S 013                                                                                                                                                                                                                              
7560001300053P 010563100000020087306 000029151401011     10 224235020600000001501202500000000002200000000 02A13122024115012025000000000000007000000000000000000000000000000000000000000000000000000                         1000   090000000000 
7560001300054Q 011000032306643881JULIANA CRUZ BARROS GOMES               RUA ANTONIO SANCHES FILHO ,54           PLANALTO       09896020SAO BERNARDO DOSP0000000000000000                                        000                            
7560001300055R 01000000000000000000000000000000000000000000000000115012025000000000000440                                                                                                              0000000000000000 000000000000  0         
7560001300056S 013                                                                                                                                                                                                                              
7560001300057P 010563100000020087306 000029152101011     10 224053519900000001001202500000000002200000000 02A13122024110012025000000000000007000000000000000000000000000000000000000000000000000000                         1000   090000000000 
7560001300058Q 011000034614329896MANOEL J NETO                           AVENIDA DOM JAIME DE BARROS CAMARA ,357 PLANALTO       09895400SAO BERNARDO DOSP0000000000000000                                        000                            
7560001300059R 01000000000000000000000000000000000000000000000000110012025000000000000440                                                                                                              0000000000000000 000000000000  0         
7560001300060S 013                                                                                                                                                                                                                              
7560001300061P 010563100000020087306 000029153901011     10 224074016190000001501202500000000001775000000 02A13122024115012025000000000000006000000000000000000000000000000000000000000000000000000                         1000   090000000000 
7560001300062Q 011000073446530363ANTONIO IRAILSON BEZERRA SABOIA         RUA PROFESSOR EDMUNDO VASCONCELOS ,158  VL JUPITER     09890420SAO BERNARDO DOSP0000000000000000                                        000                            
7560001300063R 01000000000000000000000000000000000000000000000000115012025000000000000355                                                                                                              0000000000000000 000000000000  0         
7560001300064S 013                                                                                                                                                                                                                              
7560001300065P 010563100000020087306 000029154601011     10 224276211300000001001202500000000004325900000 02A13122024110012025000000000000014000000000000000000000000000000000000000000000000000000                         1000   090000000000 
7560001300066Q 011000027109212866ALESSANDRA DOURADO MELO                 RUA DAS GARCAS ,339                     INDEPENDENCIA  09861020SAO BERNARDO DOSP0000000000000000                                        000                            
7560001300067R 01000000000000000000000000000000000000000000000000110012025000000000000865                                                                                                              0000000000000000 000000000000  0         
7560001300068S 013                                                                                                                                                                                                                              
7560001300069P 010563100000020087306 000029155301011     10 224208115290000001601202500000000003089900000 02A13122024116012025000000000000010000000000000000000000000000000000000000000000000000000                         1000   090000000000 
7560001300070Q 011000028645823845EDNALVA RITA BEZERRA                    RUA RIO PRETO ,679                      VILA VALPARAISO09060090     ADAMANTINASP0000000000000000                                        000                            
7560001300071R 01000000000000000000000000000000000000000000000000116012025000000000000618                                                                                                              0000000000000000 000000000000  0         
7560001300072S 013                                                                                                                                                                                                                              
7560001300073P 010563100000020087306 000029156001011     10 224176320310000001501202500000000002220000000 02A13122024115012025000000000000007000000000000000000000000000000000000000000000000000000                         1000   090000000000 
7560001300074Q 011000056970711838MARCELA ROBERTA DE ALMEIDA SILVA        AVENIDA DOM JAIME DE BARROS CAMARA ,825 PLANALTO       09895400SAO BERNARDO DOSP0000000000000000                                        000                            
7560001300075R 01000000000000000000000000000000000000000000000000115012025000000000000444                                                                                                              0000000000000000 000000000000  0         
7560001300076S 013                                                                                                                                                                                                                              
7560001300077P 010563100000020087306 000029157801011     10 224076416320000001601202500000000002236000000 02A13122024116012025000000000000007000000000000000000000000000000000000000000000000000000                         1000   090000000000 
7560001300078Q 011000026421529879RENATA CRISTINA SOLHA PEREZ             AVENIDA DOM JAIME DE BARROS CAMARA ,945 PLANALTO       09895400SAO BERNARDO DOSP0000000000000000                                        000                            
7560001300079R 01000000000000000000000000000000000000000000000000116012025000000000000447                                                                                                              0000000000000000 000000000000  0         
7560001300080S 013                                                                                                                                                                                                                              
7560001300081P 010563100000020087306 000029158501011     10 224279868600000001501202500000000003136400000 02A13122024115012025000000000000010000000000000000000000000000000000000000000000000000000                         1000   090000000000 
7560001300082Q 011000088679497487PATRICIA FRAZAO DE OLIVEIRA             RUA SILVIA ,10                          BELA VISTA     01331010      SAO PAULOSP0000000000000000                                        000                            
7560001300083R 01000000000000000000000000000000000000000000000000115012025000000000000627                                                                                                              0000000000000000 000000000000  0         
7560001300084S 013                                                                                                                                                                                                                              
7560001300085P 010563100000020087306 000029159201011     10 224448021440000001501202500000000002830000000 02A13122024115012025000000000000009000000000000000000000000000000000000000000000000000000                         1000   090000000000 
7560001300086Q 011000013236888466JULIANA KARLA FERREIRA GOES             AVENIDA DOM JAIME DE BARROS CAMARA ,885 PLANALTO       09895400SAO BERNARDO DOSP0000000000000000                                        000                            
7560001300087R 01000000000000000000000000000000000000000000000000115012025000000000000566                                                                                                              0000000000000000 000000000000  0         
7560001300088S 013                                                                                                                                                                                                                              
7560001300089P 010563100000020087306 000029160001011     10 224002918810000000501202500000000001897400000 02A13122024105012025000000000000006000000000000000000000000000000000000000000000000000000                         1000   090000000000 
7560001300090Q 011000026928896817MARCIO RICARDO ARAUJO                   AV. DOM JAIME DE BARROS CAMARA  ,763    PLANALTO       09895400SAO BERNARDO DOSP0000000000000000                                        000                            
7560001300091R 01000000000000000000000000000000000000000000000000105012025000000000000379                                                                                                              0000000000000000 000000000000  0         
7560001300092S 013                                                                                                                                                                                                                              
7560001300093P 010563100000020087306 000029161801011     10 223932316220000001001202500000000002973300000 02A13122024110012025000000000000010000000000000000000000000000000000000000000000000000000                         1000   090000000000 
7560001300094Q 011000036877483839LARISSA BARBOZA                         RUA JOSE ATALIBA ORTIZ ,999             VILA MANGALOT  05131000      SAO PAULOSP0000000000000000                                        000                            
7560001300095R 01000000000000000000000000000000000000000000000000110012025000000000000595                                                                                                              0000000000000000 000000000000  0         
7560001300096S 013                                                                                                                                                                                                                              
7560001300097P 010563100000020087306 000029162501011     10 224004118710000000501202500000000001791400000 02A13122024105012025000000000000006000000000000000000000000000000000000000000000000000000                         1000   090000000000 
7560001300098Q 011000058254616809MARCO RODRIGUES PEREIRA                 RUA PADRE PEDRO RIGO ,215               PLANALTO       09895750SAO BERNARDO DOSP0000000000000000                                        000                            
7560001300099R 01000000000000000000000000000000000000000000000000105012025000000000000358                                                                                                              0000000000000000 000000000000  0         
7560001300100S 013                                                                                                                                                                                                                              
7560001300101P 010563100000020087306 000029163201011     10 224441815900000001001202500000000002670000000 02A13122024110012025000000000000009000000000000000000000000000000000000000000000000000000                         1000   090000000000 
7560001300102Q 011000044355857824LEANDRO DA PAZ PEDRO                    RUA CICLADES ,100                       JARDIM GUARUJA 05876040      SAO PAULOSP0000000000000000                                        000                            
7560001300103R 01000000000000000000000000000000000000000000000000110012025000000000000534                                                                                                              0000000000000000 000000000000  0         
7560001300104S 013                                                                                                                                                                                                                              
7560001300105P 010563100000020087306 000029164001011     10 224282217730000001501202500000000002236000000 02A13122024115012025000000000000007000000000000000000000000000000000000000000000000000000                         1000   090000000000 
7560001300106Q 011000028030189850ANDREIA CRISTINA SIGNER                 RUA YAYA ,206                           CANHEMA        09941445        DIADEMASP0000000000000000                                        000                            
7560001300107R 01000000000000000000000000000000000000000000000000115012025000000000000447                                                                                                              0000000000000000 000000000000  0         
7560001300108S 013                                                                                                                                                                                                                              
7560001300109P 010563100000020087306 000029165701011     10 224082413910000001001202500000000006067400000 02A13122024110012025000000000000020000000000000000000000000000000000000000000000000000000                         1000   090000000000 
7560001300110Q 011000035044873802LUCAS DA PAZ PEDRO                      AVENIDA JOSE DINI ,400                  CHACARA AGRINDU06763015TABOAO DA SERRASP0000000000000000                                        000                            
7560001300111R 01000000000000000000000000000000000000000000000000110012025000000000001213                                                                                                              0000000000000000 000000000000  0         
7560001300112S 013                                                                                                                                                                                                                              
7560001300113P 010563100000020087306 000029166401011     10 224038419790000001001202500000000002220000000 02A13122024110012025000000000000007000000000000000000000000000000000000000000000000000000                         1000   090000000000 
7560001300114Q 011000031691253898LEANDRO FERREIRA MUNIZ                  AVENIDA DOM JAIME DE BARROS CAMARA ,763 PLANALTO       09895400SAO BERNARDO DOSP0000000000000000                                        000                            
7560001300115R 01000000000000000000000000000000000000000000000000110012025000000000000444                                                                                                              0000000000000000 000000000000  0         
7560001300116S 013                                                                                                                                                                                                                              
7560001300117P 010563100000020087306 000029167101011     10 224153049700000001001202500000000004494400000 02A13122024110012025000000000000015000000000000000000000000000000000000000000000000000000                         1000   090000000000 
7560001300118Q 011000025609453801MARCIA HELENA FERNANDES                 AVENIDA DOM JAIME DE BARROS CAMARA ,375 PLANALTO       09895400SAO BERNARDO DOSP0000000000000000                                        000                            
7560001300119R 01000000000000000000000000000000000000000000000000110012025000000000000899                                                                                                              0000000000000000 000000000000  0         
7560001300120S 013                                                                                                                                                                                                                              
7560001300121P 010563100000020087306 000029168901011     10 224445419760000001501202500000000003943200000 02A13122024115012025000000000000013000000000000000000000000000000000000000000000000000000                         1000   090000000000 
7560001300122Q 011000030970779879MARCIO DANIEL SANCHES                   AVENIDA DOM JAIME DE BARROS CAMARA ,670 PLANALTO       09895400SAO BERNARDO DOSP0000000000000000                                        000                            
7560001300123R 01000000000000000000000000000000000000000000000000115012025000000000000789                                                                                                              0000000000000000 000000000000  0         
7560001300124S 013                                                                                                                                                                                                                              
7560001300125P 010563100000020087306 000029169601011     10 223938318480000001001202500000000002830200000 02A13122024110012025000000000000009000000000000000000000000000000000000000000000000000000                         1000   090000000000 
7560001300126Q 011000016158461822SERGIO APARECIDO DE BARROS SILVA        RUA GUATAMBUS ,260                      ELDORADO       09973270        DIADEMASP0000000000000000                                        000                            
7560001300127R 01000000000000000000000000000000000000000000000000110012025000000000000566                                                                                                              0000000000000000 000000000000  0         
7560001300128S 013                                                                                                                                                                                                                              
7560001300129P 010563100000020087306 000029170401011     10 224344520810000000501202500000000002840000000 02A13122024105012025000000000000009000000000000000000000000000000000000000000000000000000                         1000   090000000000 
7560001300130Q 011000048719557884MARIA LUIZA CESARIO MARTINS             RUA DE PINEDO ,83                       CENTRO/ VILA AL09720270SAO BERNARDO DOSP0000000000000000                                        000                            
7560001300131R 01000000000000000000000000000000000000000000000000105012025000000000000568                                                                                                              0000000000000000 000000000000  0         
7560001300132S 013                                                                                                                                                                                                                              
7560001300133P 010563100000020087306 000029171101011     10 224340120760000001001202500000000003932600000 02A13122024110012025000000000000013000000000000000000000000000000000000000000000000000000                         1000   090000000000 
7560001300134Q 011000036044850889MARIANA ROCHA REGO                      RUA CLOTILDE GALESI ,252                VILA OSASCO    06083090         OSASCOSP0000000000000000                                        000                            
7560001300135R 01000000000000000000000000000000000000000000000000110012025000000000000787                                                                                                              0000000000000000 000000000000  0         
7560001300136S 013                                                                                                                                                                                                                              
7560001300137P 010563100000020087306 000029172901011     10 224012513630000001501202500000000006413000000 02A13122024115012025000000000000021000000000000000000000000000000000000000000000000000000                         1000   090000000000 
7560001300138Q 011000011975390857ROSANA GONCALVES DE OLIVEIRA            AVENIDA DOM JAIME DE BARROS CAMARA ,715 PLANALTO       09895400SAO BERNARDO DOSP0000000000000000                                        000                            
7560001300139R 01000000000000000000000000000000000000000000000000115012025000000000001283                                                                                                              0000000000000000 000000000000  0         
7560001300140S 013                                                                                                                                                                                                                              
7560001300141P 010563100000020087306 000029173601011     10 224289620660000000501202500000000002220000000 02A13122024105012025000000000000007000000000000000000000000000000000000000000000000000000                         1000   090000000000 
7560001300142Q 011000033585731848SHISLENE REIS SANTANA GOMES             AVENIDA DOM JAIME DE BARROS CAMARA ,357 PLANALTO       09895400SAO BERNARDO DOSP0000000000000000                                        000                            
7560001300143R 01000000000000000000000000000000000000000000000000105012025000000000000444                                                                                                              0000000000000000 000000000000  0         
7560001300144S 013                                                                                                                                                                                                                              
7560001300145P 010563100000020087306 000029174301011     10 224418421290000001001202500000000002220000000 02A13122024110012025000000000000007000000000000000000000000000000000000000000000000000000                         1000   090000000000 
7560001300146Q 011000012445645832EDILEUSA RAMOS DA COSTA NONATO          AVENIDA DOM JAIME DE BARROS CAMARA ,945 PLANALTO       09895400SAO BERNARDO DOSP0000000000000000                                        000                            
7560001300147R 01000000000000000000000000000000000000000000000000110012025000000000000444                                                                                                              0000000000000000 000000000000  0         
7560001300148S 013                                                                                                                                                                                                                              
7560001300149P 010563100000020087306 000029175001011     10 224419621290000001001202500000000000300000000 02A13122024110012025000000000000001000000000000000000000000000000000000000000000000000000                         1000   090000000000 
7560001300150Q 011000012445645832EDILEUSA RAMOS DA COSTA NONATO          AVENIDA DOM JAIME DE BARROS CAMARA ,945 PLANALTO       09895400SAO BERNARDO DOSP0000000000000000                                        000                            
7560001300151R 01000000000000000000000000000000000000000000000000110012025000000000000060                                                                                                              0000000000000000 000000000000  0         
7560001300152S 013                                                                                                                                                                                                                              
7560001300153P 010563100000020087306 000029176801011     10 223943112950000001001202500000000003498000000 02A13122024110012025000000000000012000000000000000000000000000000000000000000000000000000                         1000   090000000000 
7560001300154Q 011000031192736869ELIDA DE CAMPOS HEIN                    RUA CAPITAO OLEGARIO TEIXEIRA DA C,147  PLANALTO       09895690SAO BERNARDO DOSP0000000000000000                                        000                            
7560001300155R 01000000000000000000000000000000000000000000000000110012025000000000000700                                                                                                              0000000000000000 000000000000  0         
7560001300156S 013                                                                                                                                                                                                                              
7560001300157P 010563100000020087306 000029177501011     10 224156619090000001001202500000000001886800000 02A13122024110012025000000000000006000000000000000000000000000000000000000000000000000000                         1000   090000000000 
7560001300158Q 011000042658157827SABRINA ARILAINE SOUZA OLIVEIRA         RUA CAFE FILHO ,196                     PLANALTO       09896400SAO BERNARDO DOSP0000000000000000                                        000                            
7560001300159R 01000000000000000000000000000000000000000000000000110012025000000000000377                                                                                                              0000000000000000 000000000000  0         
7560001300160S 013                                                                                                                                                                                                                              
7560001300161P 010563100000020087306 000029178201011     10 224343920800000001001202500000000002220000000 02A13122024110012025000000000000007000000000000000000000000000000000000000000000000000000                         1000   090000000000 
7560001300162Q 011000034253088821DRYELLE SOUSA SAMPAIO                   RUA RIZIERI NEGRINI ,52                 PARQUE FONGARO 04257143      SAO PAULOSP0000000000000000                                        000                            
7560001300163R 01000000000000000000000000000000000000000000000000110012025000000000000444                                                                                                              0000000000000000 000000000000  0         
7560001300164S 013                                                                                                                                                                                                                              
7560001300165P 010563100000020087306 000029179001011     10 224449221430000001501202500000000004160000000 02A13122024115012025000000000000014000000000000000000000000000000000000000000000000000000                         1000   090000000000 
7560001300166Q 011000035218589870RODRIGO BANDELLI GONCALVES              RUA ALICE MANHOLER PITERI ,122          CENTRO         06018160         OSASCOSP0000000000000000                                        000                            
7560001300167R 01000000000000000000000000000000000000000000000000115012025000000000000832                                                                                                              0000000000000000 000000000000  0         
7560001300168S 013                                                                                                                                                                                                                              
7560001300169P 010563100000020087306 000029180801011     10 224108620060000001501202500000000002200000000 02A13122024115012025000000000000007000000000000000000000000000000000000000000000000000000                         1000   090000000000 
7560001300170Q 011000017121273810MARCIA CASTRO OLIVEIRA                  AVENIDA DOM JAIME DE BARROS CAMARA ,515 PLANALTO       09895400SAO BERNARDO DOSP0000000000000000                                        000                            
7560001300171R 01000000000000000000000000000000000000000000000000115012025000000000000440                                                                                                              0000000000000000 000000000000  0         
7560001300172S 013                                                                                                                                                                                                                              
7560001300173P 010563100000020087306 000029181501011     10 224089616670000001001202500000000001940400000 02A13122024110012025000000000000006000000000000000000000000000000000000000000000000000000                         1000   090000000000 
7560001300174Q 011000028041743870TATIANE BRUNHARO                        AV. DOM JAIME DE BARROS CAMARA ,945     PLANALTO       09895400SAO BERNARDO DOSP0000000000000000                                        000                            
7560001300175R 01000000000000000000000000000000000000000000000000110012025000000000000388                                                                                                              0000000000000000 000000000000  0         
7560001300176S 013                                                                                                                                                                                                                              
7560001300177P 010563100000020087306 000029182201011     10 224090812320000001001202500000000002212300000 02A13122024110012025000000000000007000000000000000000000000000000000000000000000000000000                         1000   090000000000 
7560001300178Q 011000012980636800ALEXANDRO SOARES                        AVENIDA DOM JAIME DE BARROS CAMARA ,625 PLANALTO       09895400SAO BERNARDO DOSP0000000000000000                                        000                            
7560001300179R 01000000000000000000000000000000000000000000000000110012025000000000000442                                                                                                              0000000000000000 000000000000  0         
7560001300180S 013                                                                                                                                                                                                                              
7560001300181P 010563100000020087306 000029183001011     10 224333352300000001001202500000000002685800000 02A13122024110012025000000000000009000000000000000000000000000000000000000000000000000000                         1000   090000000000 
7560001300182Q 011000008745532885VANDA UTINO MOREIRA                     AVENIDA DOM JAIME DE BARROS CAMARA ,885 PLANALTO       09895400SAO BERNARDO DOSP0000000000000000                                        000                            
7560001300183R 01000000000000000000000000000000000000000000000000110012025000000000000537                                                                                                              0000000000000000 000000000000  0         
7560001300184S 013                                                                                                                                                                                                                              
75600015         00004600004600000000001266116000000000000000000000000000000000000000000000000000000000000000000000                                                                                                                             
75699999         000001000046000000                                                                                                                                                                                                             