75600000         219895217000135                    0563100000020064454 IWS CURSOS DE IDIOMAS LTDA    SICOOB                                  12208202409103800000108100000                                                                     
75600011R01  040 2019895217000135                    0563100000020064454 IWS CURSOS DE IDIOMAS LTDA                                                                                    000047072208202400000000                                 
7560001300001P 010563100000020064454 000027791401011     10 224381621070000003008202400000000001500000000 02A22082024130082024000000000000005000000000000000000000000000000000000000000000000000000                         1000   090000000000 
7560001300002Q 011000022943219878CINTIA REGINA DE FREITAS                ESTRADA DO SABAO ,1018                  JARDIM DORALY  07075270      GUARULHOSSP0000000000000000                                        000                            
7560001300003R 01000000000000000000000000000000000000000000000000130082024000000000000300                                                                                                              0000000000000000 000000000000  0         
7560001300004S 013                                                                                                                                                                                                                              
7560001300005P 010563100000020064454 000027792101011     10 224381521030000000509202400000000001400000000 02A22082024105092024000000000000005000000000000000000000000000000000000000000000000000000                         1000   090000000000 
7560001300006Q 011000054195109876WANESSA MORAES                          AVENIDA DAS MARGARIDAS ,55              CIDADE SOBERANA07161460      GUARULHOSSP0000000000000000                                        000                            
7560001300007R 01000000000000000000000000000000000000000000000000105092024000000000000280                                                                                                              0000000000000000 000000000000  0         
7560001300008S 013                                                                                                                                                                                                                              
75600015         00000200000200000000000029000000000000000000000000000000000000000000000000000000000000000000000000                                                                                                                             
75699999         000001000002000000                                                                                                                                                                                                             