75600000         219895217000135                    0563100000020064454 IWS CURSOS DE IDIOMAS LTDA    SICOOB                                  11607202408462300000108100000                                                                     
75600011R01  040 2019895217000135                    0563100000020064454 IWS CURSOS DE IDIOMAS LTDA                                                                                    000046451607202400000000                                 
7560001300001P 010563100000020064454 000027388401011     10 223839519500000003007202400000000002500000000 02A16072024130072024000000000000008000000000000000000000000000000000000000000000000000000                         1000   090000000000 
7560001300002Q 011000044237668843AMERICO RICARDO COUTINHO DIAS           RUA CABO JOAO TERUEL FREGONI ,307       PONTE GRANDE   07032000      GUARULHOSSP0000000000000000                                        000                            
7560001300003R 01000000000000000000000000000000000000000000000000130072024000000000000500                                                                                                              0000000000000000 000000000000  0         
7560001300004S 013                                                                                                                                                                                                                              
7560001300005P 010563100000020064454 000027389101011     10 223961518960000003007202400000000002544000000 02A16072024130072024000000000000008000000000000000000000000000000000000000000000000000000                         1000   090000000000 
7560001300006Q 011000013037278897NORMA SUELY COUTO SANTANA               AVENIDA BARTHOLOMEU DE CARLOS ,901      JARDIM FLOR DA 07097420      GUARULHOSSP0000000000000000                                        000                            
7560001300007R 01000000000000000000000000000000000000000000000000130072024000000000000509                                                                                                              0000000000000000 000000000000  0         
7560001300008S 013                                                                                                                                                                                                                              
7560001300009P 010563100000020064454 000027390001011     10 223962718370000003007202400000000001908000000 02A16072024130072024000000000000006000000000000000000000000000000000000000000000000000000                         1000   090000000000 
7560001300010Q 011000016695147817RENATO BEZERRA SANTANA                  ESTRADA AGUA CHATA ,3009                AGUA CHATA     07251000      GUARULHOSSP0000000000000000                                        000                            
7560001300011R 01000000000000000000000000000000000000000000000000130072024000000000000382                                                                                                              0000000000000000 000000000000  0         
7560001300012S 013                                                                                                                                                                                                                              
7560001300013P 010563100000020064454 000027391701011     10 223838319490000003007202400000000002500000000 02A16072024130072024000000000000008000000000000000000000000000000000000000000000000000000                         1000   090000000000 
7560001300014Q 011000045242750880CAMILA CARVALHO BARBOSA NEVES DIAS      RUA CABO JOAO TERUEL FREGONI ,307       PONTE GRANDE   07032000      GUARULHOSSP0000000000000000                                        000                            
7560001300015R 01000000000000000000000000000000000000000000000000130072024000000000000500                                                                                                              0000000000000000 000000000000  0         
7560001300016S 013                                                                                                                                                                                                                              
7560001300017P 010563100000020064454 000027392401011     10 224123610300000003007202400000000002790800000 02A16072024130072024000000000000009000000000000000000000000000000000000000000000000000000                         1000   090000000000 
7560001300018Q 011000018488640862CLAUDIA GONCALVES MOREIRA               ALAMEDA AMELIA ,186                     JARDIM GOPOUVA 07092010      GUARULHOSSP0000000000000000                                        000                            
7560001300019R 01000000000000000000000000000000000000000000000000130072024000000000000558                                                                                                              0000000000000000 000000000000  0         
7560001300020S 013                                                                                                                                                                                                                              
7560001300021P 010563100000020064454 000027393101011     10 224063870000000003007202400000000003370800000 02A16072024130072024000000000000011000000000000000000000000000000000000000000000000000000                         1000   090000000000 
7560001300022Q 011000021472802837DAYANE FEITOSA LIMA                     AVENIDA PRESIDENTE TANCREDO DE ALMEI,669MACEDO         07112070      GUARULHOSSP0000000000000000                                        000                            
7560001300023R 01000000000000000000000000000000000000000000000000130072024000000000000674                                                                                                              0000000000000000 000000000000  0         
7560001300024S 013                                                                                                                                                                                                                              
7560001300025P 010563100000020064454 000027394901011     10 223910114300000003107202400000000003850300000 02A16072024131072024000000000000013000000000000000000000000000000000000000000000000000000                         1000   090000000000 
7560001300026Q 011000041922650870DEBORA SIQUEIRA DA SILVA                RUA MATAHICHI MORIKYO ,150              JARDIM TOSCANA 07121350      GUARULHOSSP0000000000000000                                        000                            
7560001300027R 01000000000000000000000000000000000000000000000000131072024000000000000770                                                                                                              0000000000000000 000000000000  0         
7560001300028S 013                                                                                                                                                                                                                              
7560001300029P 010563100000020064454 000027395601011     10 224301320740000003007202400000000007040000000 02A16072024130072024000000000000023000000000000000000000000000000000000000000000000000000                         1000   090000000000 
7560001300030Q 011000022974269842GRACIELLE DE SOUSA ANDRADE              AVENIDA TIRADENTES ,00                  JARDIM GUARULHO07090000      GUARULHOSSP0000000000000000                                        000                            
7560001300031R 01000000000000000000000000000000000000000000000000130072024000000000001408                                                                                                              0000000000000000 000000000000  0         
7560001300032S 013                                                                                                                                                                                                                              
7560001300033P 010563100000020064454 000027396301011     10 223883718380000003107202400000000003500000000 02A16072024131072024000000000000012000000000000000000000000000000000000000000000000000000                         1000   090000000000 
7560001300034Q 011000042637520582JOSE LUCIANO TRANZILLO DOS SANTOS       RUA CABO JOAO TERUEL FREGONI ,307       PONTE GRANDE   07032000      GUARULHOSSP0000000000000000                                        000                            
7560001300035R 01000000000000000000000000000000000000000000000000131072024000000000000700                                                                                                              0000000000000000 000000000000  0         
7560001300036S 013                                                                                                                                                                                                                              
7560001300037P 010563100000020064454 000027397001011     10 224296820720000003007202400000000003432000000 02A16072024130072024000000000000011000000000000000000000000000000000000000000000000000000                         1000   090000000000 
7560001300038Q 011000010402298918LUIGI SILVA FILIPPETTO                  RUA BELA CINTRA ,1450                   CONSOLACAO     01415004      SAO PAULOSP0000000000000000                                        000                            
7560001300039R 01000000000000000000000000000000000000000000000000130072024000000000000686                                                                                                              0000000000000000 000000000000  0         
7560001300040S 013                                                                                                                                                                                                                              
7560001300041P 010563100000020064454 000027398801011     10 223826614480000003007202400000000002000000000 02A16072024130072024000000000000007000000000000000000000000000000000000000000000000000000                         1000   090000000000 
7560001300042Q 011000096218444600PATRICIA ALEXANDRINA DA SILVA MORAIS    RUA PRESIDENTE CASTELO BRANCO  ,137     CENTRO         37240000     LUMINARIASMG0000000000000000                                        000                            
7560001300043R 01000000000000000000000000000000000000000000000000130072024000000000000400                                                                                                              0000000000000000 000000000000  0         
7560001300044S 013                                                                                                                                                                                                                              
7560001300045P 010563100000020064454 000027399501011     10 224106620030000003007202400000000001800000000 02A16072024130072024000000000000006000000000000000000000000000000000000000000000000000000                         1000   090000000000 
7560001300046Q 011000022964726809LUANA NETA DE MEDEIROS                  RUA NOSSA SENHORA APARECIDA ,393        VILA NOSSA SENH07191190      GUARULHOSSP0000000000000000                                        000                            
7560001300047R 01000000000000000000000000000000000000000000000000130072024000000000000360                                                                                                              0000000000000000 000000000000  0         
7560001300048S 013                                                                                                                                                                                                                              
7560001300049P 010563100000020064454 000027400901011     10 224295620710000003007202400000000003432000000 02A16072024130072024000000000000011000000000000000000000000000000000000000000000000000000                         1000   090000000000 
7560001300050Q 011000005628080942RAPHAELA FILIPPETTO                     AVENIDA DOUTOR CARDOSO DE MELO ,841     VILA OLIMPIA   04548003      SAO PAULOSP0000000000000000                                        000                            
7560001300051R 01000000000000000000000000000000000000000000000000130072024000000000000686                                                                                                              0000000000000000 000000000000  0         
7560001300052S 013                                                                                                                                                                                                                              
7560001300053P 010563100000020064454 000027401601011     10 223947354200000003107202400000000003850300000 02A16072024131072024000000000000013000000000000000000000000000000000000000000000000000000                         1000   090000000000 
7560001300054Q 011000018743687830TANIA CORREA DA SILVA                   RUA IPIOBUNA ,207                       JARDIM CUMBICA 07240040      GUARULHOSSP0000000000000000                                        000                            
7560001300055R 01000000000000000000000000000000000000000000000000131072024000000000000770                                                                                                              0000000000000000 000000000000  0         
7560001300056S 013                                                                                                                                                                                                                              
75600015         00001400001400000000000445182000000000000000000000000000000000000000000000000000000000000000000000                                                                                                                             
75699999         000001000014000000                                                                                                                                                                                                             