75600000         219895217000135                    0563100000020064454 IWS CURSOS DE IDIOMAS LTDA    SICOOB                                  10601202509250600000108100000                                                                     
75600011R01  040 2019895217000135                    0563100000020064454 IWS CURSOS DE IDIOMAS LTDA                                                                                    000048480601202500000000                                 
7560001300001P 010563100000020064454 000029221801011     10 224535410000000001501202500000000021800000000 02A06012025115012025000000000000072000000000000000000000000000000000000000000000000000000                         1000   090000000000 
7560001300002Q 012010911237000188MIMAKI SAO PAULO                        AVENIDA DOUTOR LUIS ROCHA MIRANDA ,177  JABAQUARA      04344010      SAO PAULOSP0000000000000000                                        000                            
7560001300003R 01000000000000000000000000000000000000000000000000115012025000000000004360                                                                                                              0000000000000000 000000000000  0         
7560001300004S 013                                                                                                                                                                                                                              
75600015         00000100000100000000000218000000000000000000000000000000000000000000000000000000000000000000000000                                                                                                                             
75699999         000001000001000000                                                                                                                                                                                                             