75600000         219895217000135                    0563100000020064454 IWS CURSOS DE IDIOMAS LTDA    SICOOB                                  11706202413205800000108100000                                                                     
75600011R01  040 2019895217000135                    0563100000020064454 IWS CURSOS DE IDIOMAS LTDA                                                                                    000046051706202400000000                                 
7560001300001P 010563100000020064454 000027082501011     10 223839419500000003006202400000000002500000000 02A17062024130062024000000000000008000000000000000000000000000000000000000000000000000000                         1000   090000000000 
7560001300002Q 011000044237668843AMERICO RICARDO COUTINHO DIAS           RUA CABO JOAO TERUEL FREGONI ,307       PONTE GRANDE   07032000      GUARULHOSSP0000000000000000                                        000                            
7560001300003R 01000000000000000000000000000000000000000000000000130062024000000000000500                                                                                                              0000000000000000 000000000000  0         
7560001300004S 013                                                                                                                                                                                                                              
7560001300005P 010563100000020064454 000027083201011     10 223961418960000003006202400000000002544000000 02A17062024130062024000000000000008000000000000000000000000000000000000000000000000000000                         1000   090000000000 
7560001300006Q 011000013037278897NORMA SUELY COUTO SANTANA               AVENIDA BARTHOLOMEU DE CARLOS ,901      JARDIM FLOR DA 07097420      GUARULHOSSP0000000000000000                                        000                            
7560001300007R 01000000000000000000000000000000000000000000000000130062024000000000000509                                                                                                              0000000000000000 000000000000  0         
7560001300008S 013                                                                                                                                                                                                                              
7560001300009P 010563100000020064454 000027084001011     10 224189718960000003006202400000000000500000000 02A17062024130062024000000000000002000000000000000000000000000000000000000000000000000000                         1000   090000000000 
7560001300010Q 011000013037278897NORMA SUELY COUTO SANTANA               AVENIDA BARTHOLOMEU DE CARLOS ,901      JARDIM FLOR DA 07097420      GUARULHOSSP0000000000000000                                        000                            
7560001300011R 01000000000000000000000000000000000000000000000000130062024000000000000100                                                                                                              0000000000000000 000000000000  0         
7560001300012S 013                                                                                                                                                                                                                              
7560001300013P 010563100000020064454 000027085701011     10 223838219490000003006202400000000002500000000 02A17062024130062024000000000000008000000000000000000000000000000000000000000000000000000                         1000   090000000000 
7560001300014Q 011000045242750880CAMILA CARVALHO BARBOSA NEVES DIAS      RUA CABO JOAO TERUEL FREGONI ,307       PONTE GRANDE   07032000      GUARULHOSSP0000000000000000                                        000                            
7560001300015R 01000000000000000000000000000000000000000000000000130062024000000000000500                                                                                                              0000000000000000 000000000000  0         
7560001300016S 013                                                                                                                                                                                                                              
7560001300017P 010563100000020064454 000027086401011     10 224063770000000003006202400000000003370800000 02A17062024130062024000000000000011000000000000000000000000000000000000000000000000000000                         1000   090000000000 
7560001300018Q 011000021472802837DAYANE FEITOSA LIMA                     AVENIDA PRESIDENTE TANCREDO DE ALMEI,669MACEDO         07112070      GUARULHOSSP0000000000000000                                        000                            
7560001300019R 01000000000000000000000000000000000000000000000000130062024000000000000674                                                                                                              0000000000000000 000000000000  0         
7560001300020S 013                                                                                                                                                                                                                              
7560001300021P 010563100000020064454 000027087101011     10 223910014300000003006202400000000003850300000 02A17062024130062024000000000000013000000000000000000000000000000000000000000000000000000                         1000   090000000000 
7560001300022Q 011000041922650870DEBORA SIQUEIRA DA SILVA                RUA MATAHICHI MORIKYO ,150              JARDIM TOSCANA 07121350      GUARULHOSSP0000000000000000                                        000                            
7560001300023R 01000000000000000000000000000000000000000000000000130062024000000000000770                                                                                                              0000000000000000 000000000000  0         
7560001300024S 013                                                                                                                                                                                                                              
7560001300025P 010563100000020064454 000027088901011     10 224070919110000003006202400000000002109400000 02A17062024130062024000000000000007000000000000000000000000000000000000000000000000000000                         1000   090000000000 
7560001300026Q 011000042506963839ENILMA ALVES DOS SANTOS SILVA           RUA DOMINGOS DE ABREU ,110              JARDIM VILA GAL07054050      GUARULHOSSP0000000000000000                                        000                            
7560001300027R 01000000000000000000000000000000000000000000000000130062024000000000000422                                                                                                              0000000000000000 000000000000  0         
7560001300028S 013                                                                                                                                                                                                                              
7560001300029P 010563100000020064454 000027089601011     10 223883618380000003006202400000000003500000000 02A17062024130062024000000000000012000000000000000000000000000000000000000000000000000000                         1000   090000000000 
7560001300030Q 011000042637520582JOSE LUCIANO TRANZILLO DOS SANTOS       RUA CABO JOAO TERUEL FREGONI ,307       PONTE GRANDE   07032000      GUARULHOSSP0000000000000000                                        000                            
7560001300031R 01000000000000000000000000000000000000000000000000130062024000000000000700                                                                                                              0000000000000000 000000000000  0         
7560001300032S 013                                                                                                                                                                                                                              
7560001300033P 010563100000020064454 000027090401011     10 224226820530000003006202400000000003500000000 02A17062024130062024000000000000012000000000000000000000000000000000000000000000000000000                         1000   090000000000 
7560001300034Q 011000022964726809LUANA NETA DE MEDEIROS                  RUA NOSSA SENHORA APARECIDA ,393        VILA NOSSA SENH07191190      GUARULHOSSP0000000000000000                                        000                            
7560001300035R 01000000000000000000000000000000000000000000000000130062024000000000000700                                                                                                              0000000000000000 000000000000  0         
7560001300036S 013                                                                                                                                                                                                                              
7560001300037P 010563100000020064454 000027091101011     10 224256120530000003006202400000000001000000000 02A17062024130062024000000000000003000000000000000000000000000000000000000000000000000000                         1000   090000000000 
7560001300038Q 011000022964726809LUANA NETA DE MEDEIROS                  RUA NOSSA SENHORA APARECIDA ,393        VILA NOSSA SENH07191190      GUARULHOSSP0000000000000000                                        000                            
7560001300039R 01000000000000000000000000000000000000000000000000130062024000000000000200                                                                                                              0000000000000000 000000000000  0         
7560001300040S 013                                                                                                                                                                                                                              
7560001300041P 010563100000020064454 000027092901011     10 224296720720000003006202400000000003432000000 02A17062024130062024000000000000011000000000000000000000000000000000000000000000000000000                         1000   090000000000 
7560001300042Q 011000010402298918LUIGI SILVA FILIPPETTO                  RUA BELA CINTRA ,1450                   CONSOLACAO     01415004      SAO PAULOSP0000000000000000                                        000                            
7560001300043R 01000000000000000000000000000000000000000000000000130062024000000000000686                                                                                                              0000000000000000 000000000000  0         
7560001300044S 013                                                                                                                                                                                                                              
7560001300045P 010563100000020064454 000027093601011     10 224297920720000003006202400000000001500000000 02A17062024130062024000000000000005000000000000000000000000000000000000000000000000000000                         1000   090000000000 
7560001300046Q 011000010402298918LUIGI SILVA FILIPPETTO                  RUA BELA CINTRA ,1450                   CONSOLACAO     01415004      SAO PAULOSP0000000000000000                                        000                            
7560001300047R 01000000000000000000000000000000000000000000000000130062024000000000000300                                                                                                              0000000000000000 000000000000  0         
7560001300048S 013                                                                                                                                                                                                                              
7560001300049P 010563100000020064454 000027094301011     10 223826514480000003006202400000000002000000000 02A17062024130062024000000000000007000000000000000000000000000000000000000000000000000000                         1000   090000000000 
7560001300050Q 011000096218444600PATRICIA ALEXANDRINA DA SILVA MORAIS    RUA PRESIDENTE CASTELO BRANCO  ,137     CENTRO         37240000     LUMINARIASMG0000000000000000                                        000                            
7560001300051R 01000000000000000000000000000000000000000000000000130062024000000000000400                                                                                                              0000000000000000 000000000000  0         
7560001300052S 013                                                                                                                                                                                                                              
7560001300053P 010563100000020064454 000027095001011     10 224106520030000003006202400000000001800000000 02A17062024130062024000000000000006000000000000000000000000000000000000000000000000000000                         1000   090000000000 
7560001300054Q 011000022964726809LUANA NETA DE MEDEIROS                  RUA NOSSA SENHORA APARECIDA ,393        VILA NOSSA SENH07191190      GUARULHOSSP0000000000000000                                        000                            
7560001300055R 01000000000000000000000000000000000000000000000000130062024000000000000360                                                                                                              0000000000000000 000000000000  0         
7560001300056S 013                                                                                                                                                                                                                              
7560001300057P 010563100000020064454 000027096801011     10 224295520710000003006202400000000003432000000 02A17062024130062024000000000000011000000000000000000000000000000000000000000000000000000                         1000   090000000000 
7560001300058Q 011000005628080942RAPHAELA FILIPPETTO                     AVENIDA DOUTOR CARDOSO DE MELO ,841     VILA OLIMPIA   04548003      SAO PAULOSP0000000000000000                                        000                            
7560001300059R 01000000000000000000000000000000000000000000000000130062024000000000000686                                                                                                              0000000000000000 000000000000  0         
7560001300060S 013                                                                                                                                                                                                                              
7560001300061P 010563100000020064454 000027097501011     10 224298020710000003006202400000000001500000000 02A17062024130062024000000000000005000000000000000000000000000000000000000000000000000000                         1000   090000000000 
7560001300062Q 011000005628080942RAPHAELA FILIPPETTO                     AVENIDA DOUTOR CARDOSO DE MELO ,841     VILA OLIMPIA   04548003      SAO PAULOSP0000000000000000                                        000                            
7560001300063R 01000000000000000000000000000000000000000000000000130062024000000000000300                                                                                                              0000000000000000 000000000000  0         
7560001300064S 013                                                                                                                                                                                                                              
7560001300065P 010563100000020064454 000027098201011     10 223947254200000003006202400000000003850300000 02A17062024130062024000000000000013000000000000000000000000000000000000000000000000000000                         1000   090000000000 
7560001300066Q 011000018743687830TANIA CORREA DA SILVA                   RUA IPIOBUNA ,207                       JARDIM CUMBICA 07240040      GUARULHOSSP0000000000000000                                        000                            
7560001300067R 01000000000000000000000000000000000000000000000000130062024000000000000770                                                                                                              0000000000000000 000000000000  0         
7560001300068S 013                                                                                                                                                                                                                              
75600015         00001700001700000000000428888000000000000000000000000000000000000000000000000000000000000000000000                                                                                                                             
75699999         000001000017000000                                                                                                                                                                                                             