75600000         219895217000135                    0563100000020064454 IWS CURSOS DE IDIOMAS LTDA    SICOOB                                  12305202411473600000108100000                                                                     
75600011R01  040 2019895217000135                    0563100000020064454 IWS CURSOS DE IDIOMAS LTDA                                                                                    000045762305202400000000                                 
7560001300001P 010563100000020064454 000026847201011     10 223807719340000001006202400000000003200000000 02A23052024110062024000000000000011000000000000000000000000000000000000000000000000000000                         1000   090000000000 
7560001300002Q 011000031689196831ANDREIA APARECIDA LIMA DA CRUZ          RUA CARLOS FACCHINA ,272                AMERICANOPOLIS 04427020      SAO PAULOSP0000000000000000                                        000                            
7560001300003R 01000000000000000000000000000000000000000000000000110062024000000000000640                                                                                                              0000000000000000 000000000000  0         
7560001300004S 013                                                                                                                                                                                                                              
7560001300005P 010563100000020064454 000026848001011     10 223790014310000001006202400000000004081000000 02A23052024110062024000000000000013000000000000000000000000000000000000000000000000000000                         1000   090000000000 
7560001300006Q 011000017612949890ELISABETH NOGUEIRA MARTINS              RUA DOS FRANCESES ,498                  MORRO DOS INGLE01329010      SAO PAULOSP0000000000000000                                        000                            
7560001300007R 01000000000000000000000000000000000000000000000000110062024000000000000816                                                                                                              0000000000000000 000000000000  0         
7560001300008S 013                                                                                                                                                                                                                              
7560001300009P 010563100000020064454 000026849701011     10 223734614000000001006202400000000002650000000 02A23052024110062024000000000000009000000000000000000000000000000000000000000000000000000                         1000   090000000000 
7560001300010Q 011000048087608860BIANCA OLIVEIRA SILVA                   ALAMEDA JOAQUIM EUGENIO DE LIMA ,130    JARDIM PAULISTA01403000      SAO PAULOSP0000000000000000                                        000                            
7560001300011R 01000000000000000000000000000000000000000000000000110062024000000000000530                                                                                                              0000000000000000 000000000000  0         
7560001300012S 013                                                                                                                                                                                                                              
7560001300013P 010563100000020064454 000026850501011     10 223969813410000001006202400000000004081000000 02A23052024110062024000000000000013000000000000000000000000000000000000000000000000000000                         1000   090000000000 
7560001300014Q 011000017533829808CLEBER ANTONIO CHINELATO                RUA DOS FRANCESES ,498                  MORRO DOS INGLE01329010      SAO PAULOSP0000000000000000                                        000                            
7560001300015R 01000000000000000000000000000000000000000000000000110062024000000000000816                                                                                                              0000000000000000 000000000000  0         
7560001300016S 013                                                                                                                                                                                                                              
7560001300017P 010563100000020064454 000026851201011     10 223904084000000000506202400000000002332000000 02A23052024105062024000000000000008000000000000000000000000000000000000000000000000000000                         1000   090000000000 
7560001300018Q 011000015257641879CARLOS ALEXANDRE RIBEIRINHO             AVENIDA DO GUACA ,859                   LAUZANE PAULIST02435001      SAO PAULOSP0000000000000000                                        000                            
7560001300019R 01000000000000000000000000000000000000000000000000105062024000000000000466                                                                                                              0000000000000000 000000000000  0         
7560001300020S 013                                                                                                                                                                                                                              
7560001300021P 010563100000020064454 000026852001011     10 223972213440000001006202400000000003672900000 02A23052024110062024000000000000012000000000000000000000000000000000000000000000000000000                         1000   090000000000 
7560001300022Q 011000017533829808CLEBER ANTONIO CHINELATO                RUA DOS FRANCESES ,498                  MORRO DOS INGLE01329010      SAO PAULOSP0000000000000000                                        000                            
7560001300023R 01000000000000000000000000000000000000000000000000110062024000000000000735                                                                                                              0000000000000000 000000000000  0         
7560001300024S 013                                                                                                                                                                                                                              
7560001300025P 010563100000020064454 000026853701011     10 224145169400000000506202400000000003815400000 02A23052024105062024000000000000013000000000000000000000000000000000000000000000000000000                         1000   090000000000 
7560001300026Q 011000036768656856CINTIA DEZASSO QUINI                    RUA ALMIRANTE MARQUES LEAO ,            BELA VISTA     01330010      SAO PAULOSP0000000000000000                                        000                            
7560001300027R 01000000000000000000000000000000000000000000000000105062024000000000000763                                                                                                              0000000000000000 000000000000  0         
7560001300028S 013                                                                                                                                                                                                                              
7560001300029P 010563100000020064454 000026854401011     10 224062512800000001006202400000000003090500000 02A23052024110062024000000000000010000000000000000000000000000000000000000000000000000000                         1000   090000000000 
7560001300030Q 011000098638726287DAN SHINKAI                             RUA CARMO DO RIO CLARO ,618             CAMBUCI        01541060      SAO PAULOSP0000000000000000                                        000                            
7560001300031R 01000000000000000000000000000000000000000000000000110062024000000000000618                                                                                                              0000000000000000 000000000000  0         
7560001300032S 013                                                                                                                                                                                                                              
7560001300033P 010563100000020064454 000026855101011     10 224080513720000001006202400000000002811800000 02A23052024110062024000000000000009000000000000000000000000000000000000000000000000000000                         1000   090000000000 
7560001300034Q 011000044202915836LAIS CREPALDI                           RUA HEITOR PENTEADO ,1832               SUMAREZINHO    05438300      SAO PAULOSP0000000000000000                                        000                            
7560001300035R 01000000000000000000000000000000000000000000000000110062024000000000000562                                                                                                              0000000000000000 000000000000  0         
7560001300036S 013                                                                                                                                                                                                                              
7560001300037P 010563100000020064454 000026856901011     10 223707015320000000506202400000000003500000000 02A23052024105062024000000000000012000000000000000000000000000000000000000000000000000000                         1000   090000000000 
7560001300038Q 011000015257641879CARLOS ALEXANDRE RIBEIRINHO             AVENIDA DO GUACA ,                      LAUZANE PAULIST02435001      SAO PAULOSP0000000000000000                                        000                            
7560001300039R 01000000000000000000000000000000000000000000000000105062024000000000000700                                                                                                              0000000000000000 000000000000  0         
7560001300040S 013                                                                                                                                                                                                                              
75600015         00001000001000000000000332346000000000000000000000000000000000000000000000000000000000000000000000                                                                                                                             
75699999         000001000010000000                                                                                                                                                                                                             