75600000         219895217000135                    0563100000020064454 IWS CURSOS DE IDIOMAS LTDA    SICOOB                                  12606202414210400000108100000                                                                     
75600011R01  040 2019895217000135                    0563100000020064454 IWS CURSOS DE IDIOMAS LTDA                                                                                    000046162606202400000000                                 
7560001300001P 010563100000020064454 000027157201011     10 224301220740000003006202400000000007040000000 02A26062024130062024000000000000023000000000000000000000000000000000000000000000000000000                         1000   090000000000 
7560001300002Q 011000022974269842GRACIELLE DE SOUSA ANDRADE              AVENIDA TIRADENTES ,                    JARDIM GUARULHO07090000      GUARULHOSSP0000000000000000                                        000                            
7560001300003R 01000000000000000000000000000000000000000000000000130062024000000000001408                                                                                                              0000000000000000 000000000000  0         
7560001300004S 013                                                                                                                                                                                                                              
75600015         00000100000100000000000070400000000000000000000000000000000000000000000000000000000000000000000000                                                                                                                             
75699999         000001000001000000                                                                                                                                                                                                             