75600000         219895217000135                    0563100000020064454 IWS CURSOS DE IDIOMAS LTDA    SICOOB                                  10810202410025900000108100000                                                                     
75600011R01  040 2019895217000135                    0563100000020064454 IWS CURSOS DE IDIOMAS LTDA                                                                                    000047700810202400000000                                 
7560001300001P 010563100000020064454 000028304501011     10 224419921300000001010202400000000002400000000 02A08102024110102024000000000000008000000000000000000000000000000000000000000000000000000                         1000   090000000000 
7560001300002Q 011000038744936877GABRIELA GOMES TITANERO                 RUA MARRET ,24                          VILA PROGRESSO 07095140      GUARULHOSSP0000000000000000                                        000                            
7560001300003R 01000000000000000000000000000000000000000000000000110102024000000000000480                                                                                                              0000000000000000 000000000000  0         
7560001300004S 013                                                                                                                                                                                                                              
7560001300005P 010563100000020064454 000028305201011     10 224421120360000001510202400000000002500000000 02A08102024115102024000000000000008000000000000000000000000000000000000000000000000000000                         1000   090000000000 
7560001300006Q 011000036613110850NATALIA APARECIDA DE PAULA RIBEIRO      RUA ENDRES ,325                         VILA DAS BANDEI07043000      GUARULHOSSP0000000000000000                                        000                            
7560001300007R 01000000000000000000000000000000000000000000000000115102024000000000000500                                                                                                              0000000000000000 000000000000  0         
7560001300008S 013                                                                                                                                                                                                                              
75600015         00000200000200000000000049000000000000000000000000000000000000000000000000000000000000000000000000                                                                                                                             
75699999         000001000002000000                                                                                                                                                                                                             