75600000         219895217000135                    0563100000020064454 IWS CURSOS DE IDIOMAS LTDA    SICOOB                                  11103202320542200000108100000                                                                     
75600011R01  040 2019895217000135                    0563100000020064454 IWS CURSOS DE IDIOMAS LTDA                                                                                    000039661103202300000000                                 
7560001300001P 010563100000020064454 000021909901011     10 223596699900000001503202300000000001044100000 02A11032023115032023000000000000003000000000000000000000000000000000000000000000000000000                         1000   090000000000 
7560001300002Q 011000033390590803MICHEL FERNANDES RAMOS                  RUA CASEMIRO DIAS ,297                  VILA NOVA      19010280PRESIDENTE PRUDSP0000000000000000                                        000                            
7560001300003R 01000000000000000000000000000000000000000000000000115032023000000000000209                                                                                                              0000000000000000 000000000000  0         
7560001300004S 013                                                                                                                                                                                                                              
75600015         00000100000100000000000010441000000000000000000000000000000000000000000000000000000000000000000000                                                                                                                             
75699999         000001000001000000                                                                                                                                                                                                             