75600000         219895217000135                    0563100000020064454 IWS CURSOS DE IDIOMAS LTDA    SICOOB                                  12509202408595800000108100000                                                                     
75600011R01  040 2019895217000135                    0563100000020064454 IWS CURSOS DE IDIOMAS LTDA                                                                                    000047522509202400000000                                 
7560001300001P 010563100000020064454 000028130301011     10 223914020700000001010202400000000003276200000 02A25092024110102024000000000000011000000000000000000000000000000000000000000000000000000                         1000   090000000000 
7560001300002Q 011000009240151796FABIANA CRISTINA DE OLIVEIRA            RUA FRANCISCO PUGLIESSE ,367            JARDIM RIZZO   05587040      SAO PAULOSP0000000000000000                                        000                            
7560001300003R 01000000000000000000000000000000000000000000000000110102024000000000000655                                                                                                              0000000000000000 000000000000  0         
7560001300004S 013                                                                                                                                                                                                                              
7560001300005P 010563100000020064454 000028131001011     10 224404112010000001010202400000000003460700000 02A25092024110102024000000000000011000000000000000000000000000000000000000000000000000000                         1000   090000000000 
7560001300006Q 011000037917191818JACQUELINE ALVES TAMURA                 AVENIDA TIRADENTES ,                    JARDIM GUARULHO07090000      GUARULHOSSP0000000000000000                                        000                            
7560001300007R 01000000000000000000000000000000000000000000000000110102024000000000000692                                                                                                              0000000000000000 000000000000  0         
7560001300008S 013                                                                                                                                                                                                                              
75600015         00000200000200000000000067369000000000000000000000000000000000000000000000000000000000000000000000                                                                                                                             
75699999         000001000002000000                                                                                                                                                                                                             