75600000         219895217000135                    0563100000020064454 IWS CURSOS DE IDIOMAS LTDA    SICOOB                                  11607202408455600000108100000                                                                     
75600011R01  040 2019895217000135                    0563100000020064454 IWS CURSOS DE IDIOMAS LTDA                                                                                    000046441607202400000000                                 
7560001300001P 010563100000020064454 000027385201011     10 224201519260000003107202400000000002623500000 02A16072024131072024000000000000009000000000000000000000000000000000000000000000000000000                         1000   090000000000 
7560001300002Q 011000026592685840DANIELLY VAZ CORONADO                   RUA CLAUDINO BARBOSA ,712               MACEDO         07113040      GUARULHOSSP0000000000000000                                        000                            
7560001300003R 01000000000000000000000000000000000000000000000000131072024000000000000525                                                                                                              0000000000000000 000000000000  0         
7560001300004S 013                                                                                                                                                                                                                              
7560001300005P 010563100000020064454 000027386001011     10 223793715590000003007202400000000001471200000 02A16072024130072024000000000000005000000000000000000000000000000000000000000000000000000                         1000   090000000000 
7560001300006Q 011000003251742965JONAS ROBERTO KOEHLER                   RUA PEDRO ANDRE REINERT ,297            TRIBESS        89057410       BLUMENAUSC0000000000000000                                        000                            
7560001300007R 01000000000000000000000000000000000000000000000000130072024000000000000294                                                                                                              0000000000000000 000000000000  0         
7560001300008S 013                                                                                                                                                                                                                              
7560001300009P 010563100000020064454 000027387701011     10 224035119770000003107202400000000001800000000 02A16072024131072024000000000000006000000000000000000000000000000000000000000000000000000                         1000   090000000000 
7560001300010Q 011000005159507426JOSE ALAN GALINDO PEREIRA               RUA ANTONIO FALCAO ,714                 BOA VIAGEM     51020240         RECIFEPE0000000000000000                                        000                            
7560001300011R 01000000000000000000000000000000000000000000000000131072024000000000000360                                                                                                              0000000000000000 000000000000  0         
7560001300012S 013                                                                                                                                                                                                                              
75600015         00000300000300000000000058947000000000000000000000000000000000000000000000000000000000000000000000                                                                                                                             
75699999         000001000003000000                                                                                                                                                                                                             