75600000         219895217000135                    0563100000020064454 IWS CURSOS DE IDIOMAS LTDA    SICOOB                                  10107202413252400000108100000                                                                     
75600011R01  040 2019895217000135                    0563100000020064454 IWS CURSOS DE IDIOMAS LTDA                                                                                    000046270107202400000000                                 
7560001300001P 010563100000020064454 000027300701011     10 223816021000000001007202400000000044300000000 02A01072024110072024000000000000146000000000000000000000000000000000000000000000000000000                         1000   090000000000 
7560001300002Q 012004731867000178INNOVAPACK                              RUA IGUACU ,301                         VILA FLORINDO  08574080ITAQUAQUECETUBASP0000000000000000                                        000                            
7560001300003R 01000000000000000000000000000000000000000000000000110072024000000000008860                                                                                                              0000000000000000 000000000000  0         
7560001300004S 013                                                                                                                                                                                                                              
7560001300005P 010563100000020064454 000027301401011     10 223861830000000002507202400000000003000000000 02A01072024125072024000000000000010000000000000000000000000000000000000000000000000000000                         1000   090000000000 
7560001300006Q 012008952410000144HOLLYTEC                                RUA AMADOR BUENO ,95                    JARDIM MUNHOZ  07042230      GUARULHOSSP0000000000000000                                        000                            
7560001300007R 01000000000000000000000000000000000000000000000000125072024000000000000600                                                                                                              0000000000000000 000000000000  0         
7560001300008S 013                                                                                                                                                                                                                              
7560001300009P 010563100000020064454 000027302101011     10 224134640000000001507202400000000021800000000 02A01072024115072024000000000000072000000000000000000000000000000000000000000000000000000                         1000   090000000000 
7560001300010Q 012010911237000269MIMAKI RECIFE                           AVENIDA DEZESSETE DE AGOSTO ,656        PARNAMIRIM     52060590         RECIFEPE0000000000000000                                        000                            
7560001300011R 01000000000000000000000000000000000000000000000000115072024000000000004360                                                                                                              0000000000000000 000000000000  0         
7560001300012S 013                                                                                                                                                                                                                              
7560001300013P 010563100000020064454 000027303901011     10 224135830000000001507202400000000032700000000 02A01072024115072024000000000000108000000000000000000000000000000000000000000000000000000                         1000   090000000000 
7560001300014Q 012010911237000340MIMAKI BLUMENAL                         RUA DOUTOR PEDRO ZIMMERMANN ,4490       ITOUPAVA CENTRA89068000       BLUMENAUSC0000000000000000                                        000                            
7560001300015R 01000000000000000000000000000000000000000000000000115072024000000000006540                                                                                                              0000000000000000 000000000000  0         
7560001300016S 013                                                                                                                                                                                                                              
7560001300017P 010563100000020064454 000027304601011     10 224137010000000001507202400000000043600000000 02A01072024115072024000000000000144000000000000000000000000000000000000000000000000000000                         1000   090000000000 
7560001300018Q 012010911237000188MIMAKI SAO PAULO                        AVENIDA DOUTOR LUIS ROCHA MIRANDA ,177  JABAQUARA      04344010      SAO PAULOSP0000000000000000                                        000                            
7560001300019R 01000000000000000000000000000000000000000000000000115072024000000000008720                                                                                                              0000000000000000 000000000000  0         
7560001300020S 013                                                                                                                                                                                                                              
7560001300021P 010563100000020064454 000027305301011     10 224138216000000001507202400000000016350000000 02A01072024115072024000000000000054000000000000000000000000000000000000000000000000000000                         1000   090000000000 
7560001300022Q 012010911237000420MIMAKI BH                               RUA SANTA CATARINA ,1032                LOURDES        30170084 BELO HORIZONTEMG0000000000000000                                        000                            
7560001300023R 01000000000000000000000000000000000000000000000000115072024000000000003270                                                                                                              0000000000000000 000000000000  0         
7560001300024S 013                                                                                                                                                                                                                              
7560001300025P 010563100000020064454 000027306001011     10 224302824000000000907202400000000018523500000 02A01072024109072024000000000000061000000000000000000000000000000000000000000000000000000                         1000   090000000000 
7560001300026Q 012062430194000112BRASPAR                                 RUA QUELUZ ,242                         CIDADE INDUSTRI07220050      GUARULHOSSP0000000000000000                                        000                            
7560001300027R 01000000000000000000000000000000000000000000000000109072024000000000003705                                                                                                              0000000000000000 000000000000  0         
7560001300028S 013                                                                                                                                                                                                                              
75600015         00000700000700000000001802735000000000000000000000000000000000000000000000000000000000000000000000                                                                                                                             
75699999         000001000007000000                                                                                                                                                                                                             