75600000         219895217000135                    0563100000020064454 IWS CURSOS DE IDIOMAS LTDA    SICOOB                                  13107202410400200000108100000                                                                     
75600011R01  040 2019895217000135                    0563100000020064454 IWS CURSOS DE IDIOMAS LTDA                                                                                    000046663107202400000000                                 
7560001300001P 010563100000020064454 000027546901011     10 224347720840000001008202400000000003872000000 02A31072024110082024000000000000013000000000000000000000000000000000000000000000000000000                         1000   090000000000 
7560001300002Q 011000015095382830CRISTINA MAKIKO SAITO HIRANO            RUA ALCINO BRAGA ,220                   PARAISO        04004020      SAO PAULOSP0000000000000000                                        000                            
7560001300003R 01000000000000000000000000000000000000000000000000110082024000000000000774                                                                                                              0000000000000000 000000000000  0         
7560001300004S 013                                                                                                                                                                                                                              
75600015         00000100000100000000000038720000000000000000000000000000000000000000000000000000000000000000000000                                                                                                                             
75699999         000001000001000000                                                                                                                                                                                                             