75600000         219895217000135                    0563100000020064454 IWS CURSOS DE IDIOMAS LTDA    SICOOB                                  10302202110371200000108100000                                                                     
75600011R01  040 2019895217000135                    0563100000020064454 IWS CURSOS DE IDIOMAS LTDA                                                                                    000021040302202100000000                                 
7560001300001P 010563100000020064454 000012083001011     10 221587830000000001502202100000000015138800000 02A03022021115022021000000000000050000000000000000000000000000000000000000000000000000000                         1000   090000000000 
7560001300002Q 012010911237000340MIMAKI BLUMENAL                         RUA DOUTOR PEDRO ZIMMERMANN ,4490       ITOUPAVA CENTRA89068000       BLUMENAUSC0000000000000000                                        000                            
7560001300003R 01000000000000000000000000000000000000000000000000115022021000000000003028                                                                                                              0000000000000000 000000000000  0         
7560001300004S 013                                                                                                                                                                                                                              
75600015         00000100000100000000000151388000000000000000000000000000000000000000000000000000000000000000000000                                                                                                                             
75699999         000001000001000000                                                                                                                                                                                                             