75600000         219895217000135                    0563100000020064454 IWS CURSOS DE IDIOMAS LTDA    SICOOB                                  12309202413014000000108100000                                                                     
75600011R01  040 2019895217000135                    0563100000020064454 IWS CURSOS DE IDIOMAS LTDA                                                                                    000047472309202400000000                                 
7560001300001P 010563100000020064454 000028089501011     10 224105015330000000510202400000000003500000000 02A23092024105102024000000000000012000000000000000000000000000000000000000000000000000000                         1000   090000000000 
7560001300002Q 011000018506198836ALESSANDRA PEREIRA DA SILVA             RUA ANTONIO NASCENTES ,227              CHACARA SAO JOA02279140      SAO PAULOSP0000000000000000                                        000                            
7560001300003R 01000000000000000000000000000000000000000000000000105102024000000000000700                                                                                                              0000000000000000 000000000000  0         
7560001300004S 013                                                                                                                                                                                                                              
7560001300005P 010563100000020064454 000028090301011     10 224161420210000000510202400000000003000000000 02A23092024105102024000000000000010000000000000000000000000000000000000000000000000000000                         1000   090000000000 
7560001300006Q 011000029247398886ANGELA MARIA DIAS DOS REIS              RUA TRAJANO DE FARIA ,216               JARDIM NOVA TAB07141080      GUARULHOSSP0000000000000000                                        000                            
7560001300007R 01000000000000000000000000000000000000000000000000105102024000000000000600                                                                                                              0000000000000000 000000000000  0         
7560001300008S 013                                                                                                                                                                                                                              
7560001300009P 010563100000020064454 000028091001011     10 224392620210000000510202400000000000750000000 02A23092024105102024000000000000002000000000000000000000000000000000000000000000000000000                         1000   090000000000 
7560001300010Q 011000029247398886ANGELA MARIA DIAS DOS REIS              RUA TRAJANO DE FARIA ,216               JARDIM NOVA TAB07141080      GUARULHOSSP0000000000000000                                        000                            
7560001300011R 01000000000000000000000000000000000000000000000000105102024000000000000150                                                                                                              0000000000000000 000000000000  0         
7560001300012S 013                                                                                                                                                                                                                              
7560001300013P 010563100000020064454 000028092801011     10 223978618800000000510202400000000004770000000 02A23092024105102024000000000000016000000000000000000000000000000000000000000000000000000                         1000   090000000000 
7560001300014Q 011000013428220803EDIVANIA CONCEICAO MEDEIROS DA SILVA    RUA MANGA ,642                          JD. ALBERTINA  07243500      GUARULHOSSP0000000000000000                                        000                            
7560001300015R 01000000000000000000000000000000000000000000000000105102024000000000000954                                                                                                              0000000000000000 000000000000  0         
7560001300016S 013                                                                                                                                                                                                                              
7560001300017P 010563100000020064454 000028093501011     10 223982218310000000510202400000000002696200000 02A23092024105102024000000000000009000000000000000000000000000000000000000000000000000000                         1000   090000000000 
7560001300018Q 011000034078049893ELLEN DOS SANTOS FRANCO                 RUA MARIA ZINTL ,114                    COCAIA         07121390      GUARULHOSSP0000000000000000                                        000                            
7560001300019R 01000000000000000000000000000000000000000000000000105102024000000000000539                                                                                                              0000000000000000 000000000000  0         
7560001300020S 013                                                                                                                                                                                                                              
7560001300021P 010563100000020064454 000028094201011     10 223915214860000000510202400000000002833400000 02A23092024105102024000000000000009000000000000000000000000000000000000000000000000000000                         1000   090000000000 
7560001300022Q 011000025313672843FABIOLA GURGEL                          RUA DOUTOR MIGUEL VIEIRA FERREIRA ,57   JARDIM ZAIRA   07095070      GUARULHOSSP0000000000000000                                        000                            
7560001300023R 01000000000000000000000000000000000000000000000000105102024000000000000567                                                                                                              0000000000000000 000000000000  0         
7560001300024S 013                                                                                                                                                                                                                              
7560001300025P 010563100000020064454 000028095001011     10 223989418100000000510202400000000002120000000 02A23092024105102024000000000000007000000000000000000000000000000000000000000000000000000                         1000   090000000000 
7560001300026Q 011000029619296877DEBORA DO CARMO ALVES DA SILVA          RUA JOSE MIGUEL ACKEL ,2790             JARDIM GUILHERM07273000      GUARULHOSSP0000000000000000                                        000                            
7560001300027R 01000000000000000000000000000000000000000000000000105102024000000000000424                                                                                                              0000000000000000 000000000000  0         
7560001300028S 013                                                                                                                                                                                                                              
7560001300029P 010563100000020064454 000028096701011     10 223994218500000000510202400000000002438000000 02A23092024105102024000000000000008000000000000000000000000000000000000000000000000000000                         1000   090000000000 
7560001300030Q 011000008563118803SIMONE SOARES ZUANETTI                  RUA JESUINO RABELLO ,196                VILA MILTON    07063150      GUARULHOSSP0000000000000000                                        000                            
7560001300031R 01000000000000000000000000000000000000000000000000105102024000000000000488                                                                                                              0000000000000000 000000000000  0         
7560001300032S 013                                                                                                                                                                                                                              
7560001300033P 010563100000020064454 000028097401011     10 224150316960000000510202400000000003074000000 02A23092024105102024000000000000010000000000000000000000000000000000000000000000000000000                         1000   090000000000 
7560001300034Q 011000025313672843FABIOLA GURGEL                          RUA DOUTOR MIGUEL VIEIRA FERREIRA ,57   JARDIM ZAIRA   07095070      GUARULHOSSP0000000000000000                                        000                            
7560001300035R 01000000000000000000000000000000000000000000000000105102024000000000000615                                                                                                              0000000000000000 000000000000  0         
7560001300036S 013                                                                                                                                                                                                                              
7560001300037P 010563100000020064454 000028098101011     10 223996618520000000510202400000000002109400000 02A23092024105102024000000000000007000000000000000000000000000000000000000000000000000000                         1000   090000000000 
7560001300038Q 011000008563118803SIMONE SOARES ZUANETTI                  RUA JESUINO RABELLO ,196                VILA MILTON    07063150      GUARULHOSSP0000000000000000                                        000                            
7560001300039R 01000000000000000000000000000000000000000000000000105102024000000000000422                                                                                                              0000000000000000 000000000000  0         
7560001300040S 013                                                                                                                                                                                                                              
7560001300041P 010563100000020064454 000028099901011     10 224180513880000000510202400000000004500000000 02A23092024105102024000000000000015000000000000000000000000000000000000000000000000000000                         1000   090000000000 
7560001300042Q 011000027156202847DEBORA FERREIRA TRINDADE                RUA TERCEIRO-SARGENTO-AERONA,80 APT 216 JARDIM SANTA ME07096240      GUARULHOSSP0000000000000000                                        000                            
7560001300043R 01000000000000000000000000000000000000000000000000105102024000000000000900                                                                                                              0000000000000000 000000000000  0         
7560001300044S 013                                                                                                                                                                                                                              
7560001300045P 010563100000020064454 000028100201011     10 223876996600000000510202400000000003200000000 02A23092024105102024000000000000011000000000000000000000000000000000000000000000000000000                         1000   090000000000 
7560001300046Q 011000045489539810KETYLIN DOS SANTOS                      RUA BRANQUILHO ,30                      JARDIM DAS CAME08050470      SAO PAULOSP0000000000000000                                        000                            
7560001300047R 01000000000000000000000000000000000000000000000000105102024000000000000640                                                                                                              0000000000000000 000000000000  0         
7560001300048S 013                                                                                                                                                                                                                              
7560001300049P 010563100000020064454 000028101001011     10 224392420220000000510202400000000000750000000 02A23092024105102024000000000000002000000000000000000000000000000000000000000000000000000                         1000   090000000000 
7560001300050Q 011000038692878880LAIS NATACHA DE ARAUJO FUJITA           RUA MINISTRO BARROS PIMENTEL ,00        PARQUE MARIA LU03451130      SAO PAULOSP0000000000000000                                        000                            
7560001300051R 01000000000000000000000000000000000000000000000000105102024000000000000150                                                                                                              0000000000000000 000000000000  0         
7560001300052S 013                                                                                                                                                                                                                              
7560001300053P 010563100000020064454 000028102701011     10 224321014350000000510202400000000006011300000 02A23092024105102024000000000000020000000000000000000000000000000000000000000000000000000                         1000   090000000000 
7560001300054Q 011000009664163848LILIAN DE FATIMA SILVA                  RUA PROFESSOR WLADEMIR PEREIRA ,230     VILA SAO SILVES05386360      SAO PAULOSP0000000000000000                                        000                            
7560001300055R 01000000000000000000000000000000000000000000000000105102024000000000001202                                                                                                              0000000000000000 000000000000  0         
7560001300056S 013                                                                                                                                                                                                                              
7560001300057P 010563100000020064454 000028103401011     10 224242959500000000510202400000000002830200000 02A23092024105102024000000000000009000000000000000000000000000000000000000000000000000000                         1000   090000000000 
7560001300058Q 011000098867539000LUCIANA HISAYO ENDO                     RUA BENEDITO FAUSTINO DE MORAIS ,48     VILA RACHID    07012080      GUARULHOSSP0000000000000000                                        000                            
7560001300059R 01000000000000000000000000000000000000000000000000105102024000000000000566                                                                                                              0000000000000000 000000000000  0         
7560001300060S 013                                                                                                                                                                                                                              
7560001300061P 010563100000020064454 000028104101011     10 224018242000000000510202400000000002823000000 02A23092024105102024000000000000009000000000000000000000000000000000000000000000000000000                         1000   090000000000 
7560001300062Q 011000011632733846PAULO SERGIO GONCALVES DE OLIVEIRA      RUA ALBERTO HINOTO BENTO ,294           MACEDO         07197140      GUARULHOSSP0000000000000000                                        000                            
7560001300063R 01000000000000000000000000000000000000000000000000105102024000000000000565                                                                                                              0000000000000000 000000000000  0         
7560001300064S 013                                                                                                                                                                                                                              
7560001300065P 010563100000020064454 000028105901011     10 224024218190000000510202400000000002480400000 02A23092024105102024000000000000008000000000000000000000000000000000000000000000000000000                         1000   090000000000 
7560001300066Q 011000028597539828ROSANGELA DE LOURDES MENDES             RUA PRIMEIRO DE MAIO ,56                VILA ANTONIETA 07041220      GUARULHOSSP0000000000000000                                        000                            
7560001300067R 01000000000000000000000000000000000000000000000000105102024000000000000496                                                                                                              0000000000000000 000000000000  0         
7560001300068S 013                                                                                                                                                                                                                              
7560001300069P 010563100000020064454 000028106601011     10 224331815570000000510202400000000002809000000 02A23092024105102024000000000000009000000000000000000000000000000000000000000000000000000                         1000   090000000000 
7560001300070Q 011000043483096809SABRINA DE OLIVEIRA TAVARES             RUA DOUTOR PAULO MAURICIO DE OLIVEI,128 RESIDENCIAL CER07130560      GUARULHOSSP0000000000000000                                        000                            
7560001300071R 01000000000000000000000000000000000000000000000000105102024000000000000562                                                                                                              0000000000000000 000000000000  0         
7560001300072S 013                                                                                                                                                                                                                              
7560001300073P 010563100000020064454 000028107301011     10 224092910220000000510202400000000003262900000 02A23092024105102024000000000000011000000000000000000000000000000000000000000000000000000                         1000   090000000000 
7560001300074Q 011000043704621854VICTOR TONETTO MARQUES                  RUA SILVESTRE VASCONCELOS CALMON ,486   VILA PEDRO MORE07020001      GUARULHOSSP0000000000000000                                        000                            
7560001300075R 01000000000000000000000000000000000000000000000000105102024000000000000653                                                                                                              0000000000000000 000000000000  0         
7560001300076S 013                                                                                                                                                                                                                              
75600015         00001900001900000000000559578000000000000000000000000000000000000000000000000000000000000000000000                                                                                                                             
75699999         000001000019000000                                                                                                                                                                                                             