75600000         232970660000191                    0563100000020098014 EDUULMC CURSOS DE IDIOMAS EIRESICOOB                                  10608202409085600000108100000                                                                     
75600011R01  040 2032970660000191                    0563100000020098014 EDUULMC CURSOS DE IDIOMAS EIRE                                                                                000046850608202400000000                                 
7560001300001P 010563100000020098014 000027657101011     10 223847718040000002008202400000000007123200000 02A06082024120082024000000000000024000000000000000000000000000000000000000000000000000000                         1000   090000000000 
7560001300002Q 011000027111775805CARLOS JOSE  FERREIRA DA COSTA          ALAMEDA JOAQUIM EUGENIO DE LIMA ,286    JARDIM PAULISTA01403000      SAO PAULOSP0000000000000000                                        000                            
7560001300003R 01000000000000000000000000000000000000000000000000120082024000000000001425                                                                                                              0000000000000000 000000000000  0         
7560001300004S 013                                                                                                                                                                                                                              
7560001300005P 010563100000020098014 000027658901011     10 223909015840000002008202400000000002320300000 02A06082024120082024000000000000008000000000000000000000000000000000000000000000000000000                         1000   090000000000 
7560001300006Q 011000043877622844DANIELLE AQUINO GASPAR                  RUA WALDEMAR DE PAULA FERREIRA ,331     JARDIM PRESIDEN07172010      GUARULHOSSP0000000000000000                                        000                            
7560001300007R 01000000000000000000000000000000000000000000000000120082024000000000000464                                                                                                              0000000000000000 000000000000  0         
7560001300008S 013                                                                                                                                                                                                                              
7560001300009P 010563100000020098014 000027659601011     10 224066316630000002008202400000000002500000000 02A06082024120082024000000000000008000000000000000000000000000000000000000000000000000000                         1000   090000000000 
7560001300010Q 011000029424248857ELIEZER QUEIROZ JUNIOR                  AVENIDA BRIGADEIRO FARIA LIMA ,1451     COCAIA         07130000      GUARULHOSSP0000000000000000                                        000                            
7560001300011R 01000000000000000000000000000000000000000000000000120082024000000000000500                                                                                                              0000000000000000 000000000000  0         
7560001300012S 013                                                                                                                                                                                                                              
7560001300013P 010563100000020098014 000027660401011     10 224239117560000002008202400000000002471900000 02A06082024120082024000000000000008000000000000000000000000000000000000000000000000000000                         1000   090000000000 
7560001300014Q 011000043947232802FELLIPE FONSECA                         RUA ANA ALVES MAGRINI ,94               CITY RIBEIRAO  14021207 RIBEIRAO PRETOSP0000000000000000                                        000                            
7560001300015R 01000000000000000000000000000000000000000000000000120082024000000000000494                                                                                                              0000000000000000 000000000000  0         
7560001300016S 013                                                                                                                                                                                                                              
7560001300017P 010563100000020098014 000027661101011     10 223922229300000002008202400000000006529600000 02A06082024120082024000000000000022000000000000000000000000000000000000000000000000000000                         1000   090000000000 
7560001300018Q 011000003696482854NADIR FRANCISCO DO AMARAL               RUA DOS FRANCESES ,                     MORRO DOS INGLE01329010      SAO PAULOSP0000000000000000                                        000                            
7560001300019R 01000000000000000000000000000000000000000000000000120082024000000000001306                                                                                                              0000000000000000 000000000000  0         
7560001300020S 013                                                                                                                                                                                                                              
7560001300021P 010563100000020098014 000027662901011     10 224282915460000002008202400000000002719100000 02A06082024120082024000000000000009000000000000000000000000000000000000000000000000000000                         1000   090000000000 
7560001300022Q 011000052300786850LUIS ROBERTO OLIVEIRA                   RUA PROFESSOR WLADEMIR PEREIRA ,230     VILA SAO SILVES05386360      SAO PAULOSP0000000000000000                                        000                            
7560001300023R 01000000000000000000000000000000000000000000000000120082024000000000000544                                                                                                              0000000000000000 000000000000  0         
7560001300024S 013                                                                                                                                                                                                                              
7560001300025P 010563100000020098014 000027663601011     10 223799815620000002008202400000000003323100000 02A06082024120082024000000000000011000000000000000000000000000000000000000000000000000000                         1000   090000000000 
7560001300026Q 011000026127394830PATRICIA PELEGRINI MEDINA JORGE         RUA DA PENHA ,55                        MACEDO         07197130      GUARULHOSSP0000000000000000                                        000                            
7560001300027R 01000000000000000000000000000000000000000000000000120082024000000000000665                                                                                                              0000000000000000 000000000000  0         
7560001300028S 013                                                                                                                                                                                                                              
7560001300029P 010563100000020098014 000027664301011     10 224117620110000002008202400000000006550000000 02A06082024120082024000000000000022000000000000000000000000000000000000000000000000000000                         1000   090000000000 
7560001300030Q 011000028341411857TATIANA CRISTINA CARNEIRO VITORIANO     RUA EMILIANA ROSA DE ASSUNCAO ,108      VILA BUENOS AIR03627020      SAO PAULOSP0000000000000000                                        000                            
7560001300031R 01000000000000000000000000000000000000000000000000120082024000000000001310                                                                                                              0000000000000000 000000000000  0         
7560001300032S 013                                                                                                                                                                                                                              
75600015         00000800000800000000000335372000000000000000000000000000000000000000000000000000000000000000000000                                                                                                                             
75699999         000001000008000000                                                                                                                                                                                                             