75600000         229492820000120                    0563100000020087306 ANEXA IDIOMAS LTDA            SICOOB                                  10602202516252900000108100000                                                                     
75600011R01  040 2029492820000120                    0563100000020087306 ANEXA IDIOMAS LTDA                                                                                            000048950602202500000000                                 
7560001300001P 010563100000020087306 000029528101011     10 224631421760000001002202500000000002220000000 02A06022025110022025000000000000007000000000000000000000000000000000000000000000000000000                         1000   090000000000 
7560001300002Q 011000033685721801LAICE SOARES SOUZA                      AVENIDA DOM JAIME DE BARROS CAMARA,763  PLANALTO       09895400SAO BERNARDO DOSP0000000000000000                                        000                            
7560001300003R 01000000000000000000000000000000000000000000000000110022025000000000000444                                                                                                              0000000000000000 000000000000  0         
7560001300004S 013                                                                                                                                                                                                                              
7560001300005P 010563100000020087306 000029529901011     10 224632621760000001002202500000000001350000000 02A06022025110022025000000000000004000000000000000000000000000000000000000000000000000000                         1000   090000000000 
7560001300006Q 011000033685721801LAICE SOARES SOUZA                      AVENIDA DOM JAIME DE BARROS CAMARA,763  PLANALTO       09895400SAO BERNARDO DOSP0000000000000000                                        000                            
7560001300007R 01000000000000000000000000000000000000000000000000110022025000000000000270                                                                                                              0000000000000000 000000000000  0         
7560001300008S 013                                                                                                                                                                                                                              
75600015         00000200000200000000000035700000000000000000000000000000000000000000000000000000000000000000000000                                                                                                                             
75699999         000001000002000000                                                                                                                                                                                                             