75600000         232970660000191                    0563100000020098014 EDUULMC CURSOS DE IDIOMAS EIRESICOOB                                  12106202409023500000108100000                                                                     
75600011R01  040 2032970660000191                    0563100000020098014 EDUULMC CURSOS DE IDIOMAS EIRE                                                                                000046132106202400000000                                 
7560001300001P 010563100000020098014 000027148601011     10 223980715190000000507202400000000003392000000 02A21062024105072024000000000000011000000000000000000000000000000000000000000000000000000                         1000   090000000000 
7560001300002Q 011000016426937827ELISANGELA LOPES CASSOLATO              RUA DOUTOR MIGUEL VIEIRA FERREIRA ,191  JARDIM ZAIRA   07095070      GUARULHOSSP0000000000000000                                        000                            
7560001300003R 01000000000000000000000000000000000000000000000000105072024000000000000678                                                                                                              0000000000000000 000000000000  0         
7560001300004S 013                                                                                                                                                                                                                              
7560001300005P 010563100000020098014 000027149301011     10 224122620140000000507202400000000002830000000 02A21062024105072024000000000000009000000000000000000000000000000000000000000000000000000                         1000   090000000000 
7560001300006Q 011000030377225843MARLEIDE DE LIMA PAZZOTTI               RUA JACI ,56                            JARDIM STELLA  09185640    SANTO ANDRESP0000000000000000                                        000                            
7560001300007R 01000000000000000000000000000000000000000000000000105072024000000000000566                                                                                                              0000000000000000 000000000000  0         
7560001300008S 013                                                                                                                                                                                                                              
7560001300009P 010563100000020098014 000027150101011     10 223997518870000000507202400000000003392000000 02A21062024105072024000000000000011000000000000000000000000000000000000000000000000000000                         1000   090000000000 
7560001300010Q 011000036826948893IRIS MIQUELINE BRITO                    RUA JAIRO DE ALMEIDA MACHADO ,50        PIRITUBA       02998060      SAO PAULOSP0000000000000000                                        000                            
7560001300011R 01000000000000000000000000000000000000000000000000105072024000000000000678                                                                                                              0000000000000000 000000000000  0         
7560001300012S 013                                                                                                                                                                                                                              
7560001300013P 010563100000020098014 000027151901011     10 224078219020000000507202400000000002563100000 02A21062024105072024000000000000008000000000000000000000000000000000000000000000000000000                         1000   090000000000 
7560001300014Q 011000045603241829JOAO VICTOR SILVA LIMA DE OLIVEIRA      RUA INDIANA ,1135                       BROOKLIN PAULIS04562002      SAO PAULOSP0000000000000000                                        000                            
7560001300015R 01000000000000000000000000000000000000000000000000105072024000000000000513                                                                                                              0000000000000000 000000000000  0         
7560001300016S 013                                                                                                                                                                                                                              
7560001300017P 010563100000020098014 000027152601011     10 223842012560000000507202400000000003200000000 02A21062024105072024000000000000011000000000000000000000000000000000000000000000000000000                         1000   090000000000 
7560001300018Q 011000029951643817JULIANA TAVARES DE ARAUJO               AVENIDA ODAIR SANTANELLI ,300           PARQUE CECAP   07190050      GUARULHOSSP0000000000000000                                        000                            
7560001300019R 01000000000000000000000000000000000000000000000000105072024000000000000640                                                                                                              0000000000000000 000000000000  0         
7560001300020S 013                                                                                                                                                                                                                              
7560001300021P 010563100000020098014 000027153301011     10 224157216820000000507202400000000002471900000 02A21062024105072024000000000000008000000000000000000000000000000000000000000000000000000                         1000   090000000000 
7560001300022Q 011000030755045807RENATA DOS REIS LIMA                    RUA SERRA DAS DIVISOES ,245 A           CHACARA DONA ES08581120ITAQUAQUECETUBASP0000000000000000                                        000                            
7560001300023R 01000000000000000000000000000000000000000000000000105072024000000000000494                                                                                                              0000000000000000 000000000000  0         
7560001300024S 013                                                                                                                                                                                                                              
7560001300025P 010563100000020098014 000027154001011     10 224087854900000000507202400000000002069300000 02A21062024105072024000000000000007000000000000000000000000000000000000000000000000000000                         1000   090000000000 
7560001300026Q 011000022777304831THAIS DA SILVA BARBOSA                  AVENIDA ROTARY ,680                     VILA DAS BANDEI07042000      GUARULHOSSP0000000000000000                                        000                            
7560001300027R 01000000000000000000000000000000000000000000000000105072024000000000000414                                                                                                              0000000000000000 000000000000  0         
7560001300028S 013                                                                                                                                                                                                                              
75600015         00000700000700000000000199183000000000000000000000000000000000000000000000000000000000000000000000                                                                                                                             
75699999         000001000007000000                                                                                                                                                                                                             