75600000         219895217000135                    0563100000020064454 IWS CURSOS DE IDIOMAS LTDA    SICOOB                                  11202202512504100000108100000                                                                     
75600011R01  040 2019895217000135                    0563100000020064454 IWS CURSOS DE IDIOMAS LTDA                                                                                    000049051202202500000000                                 
7560001300001P 010563100000020064454 000029584701011     10 224261919500000002802202500000000002500000000 02A12022025128022025000000000000008000000000000000000000000000000000000000000000000000000                         1000   090000000000 
7560001300002Q 011000044237668843AMERICO RICARDO COUTINHO DIAS           RUA CABO JOAO TERUEL FREGONI ,307       PONTE GRANDE   07032000      GUARULHOSSP0000000000000000                                        000                            
7560001300003R 01000000000000000000000000000000000000000000000000128022025000000000000500                                                                                                              0000000000000000 000000000000  0         
7560001300004S 013                                                                                                                                                                                                                              
7560001300005P 010563100000020064454 000029585401011     10 223962218960000002802202500000000002544000000 02A12022025128022025000000000000008000000000000000000000000000000000000000000000000000000                         1000   090000000000 
7560001300006Q 011000013037278897NORMA SUELY COUTO SANTANA               AVENIDA BARTHOLOMEU DE CARLOS ,901      JARDIM FLOR DA 07097420      GUARULHOSSP0000000000000000                                        000                            
7560001300007R 01000000000000000000000000000000000000000000000000128022025000000000000509                                                                                                              0000000000000000 000000000000  0         
7560001300008S 013                                                                                                                                                                                                                              
7560001300009P 010563100000020064454 000029586101011     10 224471019740000002502202500000000001908000000 02A12022025125022025000000000000006000000000000000000000000000000000000000000000000000000                         1000   090000000000 
7560001300010Q 011000028682214830MARCIA SILVA BONFIM DE SOUZA            RUA ITAVERAVA ,201                      CAMARGOS       07111040      GUARULHOSSP0000000000000000                                        000                            
7560001300011R 01000000000000000000000000000000000000000000000000125022025000000000000382                                                                                                              0000000000000000 000000000000  0         
7560001300012S 013                                                                                                                                                                                                                              
7560001300013P 010563100000020064454 000029587901011     10 224375421070000002802202500000000002300000000 02A12022025128022025000000000000008000000000000000000000000000000000000000000000000000000                         1000   090000000000 
7560001300014Q 011000022943219878CINTIA REGINA DE FREITAS                ESTRADA DO SABAO ,1018                  JARDIM DORALY  07075270      GUARULHOSSP0000000000000000                                        000                            
7560001300015R 01000000000000000000000000000000000000000000000000128022025000000000000460                                                                                                              0000000000000000 000000000000  0         
7560001300016S 013                                                                                                                                                                                                                              
7560001300017P 010563100000020064454 000029588601011     10 224266772000000002502202500000000003955100000 02A12022025125022025000000000000013000000000000000000000000000000000000000000000000000000                         1000   090000000000 
7560001300018Q 011000033774740801BRUNA BRITO DE MIRANDA                  RUA MOURAD ,53                          VILA RIO DE JAN07124011      GUARULHOSSP0000000000000000                                        000                            
7560001300019R 01000000000000000000000000000000000000000000000000125022025000000000000791                                                                                                              0000000000000000 000000000000  0         
7560001300020S 013                                                                                                                                                                                                                              
7560001300021P 010563100000020064454 000029589301011     10 224270319490000002802202500000000002500000000 02A12022025128022025000000000000008000000000000000000000000000000000000000000000000000000                         1000   090000000000 
7560001300022Q 011000045242750880CAMILA CARVALHO BARBOSA NEVES DIAS      RUA CABO JOAO TERUEL FREGONI ,307       PONTE GRANDE   07032000      GUARULHOSSP0000000000000000                                        000                            
7560001300023R 01000000000000000000000000000000000000000000000000128022025000000000000500                                                                                                              0000000000000000 000000000000  0         
7560001300024S 013                                                                                                                                                                                                                              
7560001300025P 010563100000020064454 000029590101011     10 224620721690000002502202500000000002470000000 02A12022025125022025000000000000008000000000000000000000000000000000000000000000000000000                         1000   090000000000 
7560001300026Q 011000000000000000                                         ,                                                     00000000                 0000000000000000                                        000                            
7560001300027R 01000000000000000000000000000000000000000000000000125022025000000000000494                                                                                                              0000000000000000 000000000000  0         
7560001300028S 013                                                                                                                                                                                                                              
7560001300029P 010563100000020064454 000029591901011     10 224064570000000002802202500000000003370800000 02A12022025128022025000000000000011000000000000000000000000000000000000000000000000000000                         1000   090000000000 
7560001300030Q 011000021472802837DAYANE FEITOSA LIMA                     AVENIDA PRESIDENTE TANCREDO DE ALMEI,669MACEDO         07112070      GUARULHOSSP0000000000000000                                        000                            
7560001300031R 01000000000000000000000000000000000000000000000000128022025000000000000674                                                                                                              0000000000000000 000000000000  0         
7560001300032S 013                                                                                                                                                                                                                              
7560001300033P 010563100000020064454 000029592601011     10 224478214300000002802202500000000004081300000 02A12022025128022025000000000000013000000000000000000000000000000000000000000000000000000                         1000   090000000000 
7560001300034Q 011000041922650870DEBORA SIQUEIRA DA SILVA                RUA MATAHICHI MORIKYO ,150              JARDIM TOSCANA 07121350      GUARULHOSSP0000000000000000                                        000                            
7560001300035R 01000000000000000000000000000000000000000000000000128022025000000000000816                                                                                                              0000000000000000 000000000000  0         
7560001300036S 013                                                                                                                                                                                                                              
7560001300037P 010563100000020064454 000029593301011     10 224188294200000002502202500000000003250000000 02A12022025125022025000000000000011000000000000000000000000000000000000000000000000000000                         1000   090000000000 
7560001300038Q 011000015450028865ELISABETE JOIA MINELLI CAMPOS           RUA CABO JOAO TERUEL FREGONI ,307       PONTE GRANDE   07032000      GUARULHOSSP0000000000000000                                        000                            
7560001300039R 01000000000000000000000000000000000000000000000000125022025000000000000650                                                                                                              0000000000000000 000000000000  0         
7560001300040S 013                                                                                                                                                                                                                              
7560001300041P 010563100000020064454 000029594001011     10 224398418030000002502202500000000008359600000 02A12022025125022025000000000000028000000000000000000000000000000000000000000000000000000                         1000   090000000000 
7560001300042Q 011000035707793860FRANCINE RAMONEDA NUNES DOS SANTOS      RUA CHIARA LUBICH ,371                  JARDIM ERMIDA I13212117        JUNDIAISP0000000000000000                                        000                            
7560001300043R 01000000000000000000000000000000000000000000000000125022025000000000001672                                                                                                              0000000000000000 000000000000  0         
7560001300044S 013                                                                                                                                                                                                                              
7560001300045P 010563100000020064454 000029595801011     10 224378221090000002802202500000000002300000000 02A12022025128022025000000000000008000000000000000000000000000000000000000000000000000000                         1000   090000000000 
7560001300046Q 011000029447536816JANAINE CIRILA SILVA                    RUA MARIA ZINTL ,297                    COCAIA         07121390      GUARULHOSSP0000000000000000                                        000                            
7560001300047R 01000000000000000000000000000000000000000000000000128022025000000000000460                                                                                                              0000000000000000 000000000000  0         
7560001300048S 013                                                                                                                                                                                                                              
7560001300049P 010563100000020064454 000029596501011     10 224489018130000002502202500000000002236000000 02A12022025125022025000000000000007000000000000000000000000000000000000000000000000000000                         1000   090000000000 
7560001300050Q 011000028682214830MARCIA SILVA BONFIM DE SOUZA            RUA ITAVERAVA ,201                      CAMARGOS       07111040      GUARULHOSSP0000000000000000                                        000                            
7560001300051R 01000000000000000000000000000000000000000000000000125022025000000000000447                                                                                                              0000000000000000 000000000000  0         
7560001300052S 013                                                                                                                                                                                                                              
7560001300053P 010563100000020064454 000029597201011     10 224438312500000002502202500000000004325900000 02A12022025125022025000000000000014000000000000000000000000000000000000000000000000000000                         1000   090000000000 
7560001300054Q 011000042566921857GUSTAVO SALES SANCHES                   RUA LEON DINIZ ,146                     JARDIM TRANQUIL07054070      GUARULHOSSP0000000000000000                                        000                            
7560001300055R 01000000000000000000000000000000000000000000000000125022025000000000000865                                                                                                              0000000000000000 000000000000  0         
7560001300056S 013                                                                                                                                                                                                                              
7560001300057P 010563100000020064454 000029598001011     10 224385721140000002802202500000000002870000000 02A12022025128022025000000000000009000000000000000000000000000000000000000000000000000000                         1000   090000000000 
7560001300058Q 011000031906088810JEZABEL ROSA MORAES HOLANDA             TRAVESSA SAO FIDELIS ,140               VILA ROSALIA   07064032      GUARULHOSSP0000000000000000                                        000                            
7560001300059R 01000000000000000000000000000000000000000000000000128022025000000000000574                                                                                                              0000000000000000 000000000000  0         
7560001300060S 013                                                                                                                                                                                                                              
7560001300061P 010563100000020064454 000029599701011     10 224496295000000002502202500000000002570800000 02A12022025125022025000000000000008000000000000000000000000000000000000000000000000000000                         1000   090000000000 
7560001300062Q 011000009304309808JOAO GABRIEL ZUANETTI                   RUA DOM JOAO ,86                        JARDIM TEREZOPO07082073     ADAMANTINASP0000000000000000                                        000                            
7560001300063R 01000000000000000000000000000000000000000000000000125022025000000000000514                                                                                                              0000000000000000 000000000000  0         
7560001300064S 013                                                                                                                                                                                                                              
7560001300065P 010563100000020064454 000029600001011     10 224440718380000002802202500000000003710000000 02A12022025128022025000000000000012000000000000000000000000000000000000000000000000000000                         1000   090000000000 
7560001300066Q 011000042637520582JOSE LUCIANO TRANZILLO DOS SANTOS       RUA CABO JOAO TERUEL FREGONI ,307       PONTE GRANDE   07032000      GUARULHOSSP0000000000000000                                        000                            
7560001300067R 01000000000000000000000000000000000000000000000000128022025000000000000742                                                                                                              0000000000000000 000000000000  0         
7560001300068S 013                                                                                                                                                                                                                              
7560001300069P 010563100000020064454 000029601801011     10 224163220220000002802202500000000002500000000 02A12022025128022025000000000000008000000000000000000000000000000000000000000000000000000                         1000   090000000000 
7560001300070Q 011000038692878880LAIS NATACHA DE ARAUJO FUJITA           RUA MINISTRO BARROS PIMENTEL ,00        PARQUE MARIA LU03451130      SAO PAULOSP0000000000000000                                        000                            
7560001300071R 01000000000000000000000000000000000000000000000000128022025000000000000500                                                                                                              0000000000000000 000000000000  0         
7560001300072S 013                                                                                                                                                                                                                              
7560001300073P 010563100000020064454 000029602501011     10 224384421130000002802202500000000003870000000 02A12022025128022025000000000000013000000000000000000000000000000000000000000000000000000                         1000   090000000000 
7560001300074Q 011000042656568897LAYANA BRITO LIMA                       RUA ERNESTO DE CASTRO ,139              BRAS           03042010      SAO PAULOSP0000000000000000                                        000                            
7560001300075R 01000000000000000000000000000000000000000000000000128022025000000000000774                                                                                                              0000000000000000 000000000000  0         
7560001300076S 013                                                                                                                                                                                                                              
7560001300077P 010563100000020064454 000029603201011     10 224297520720000002802202500000000003432000000 02A12022025128022025000000000000011000000000000000000000000000000000000000000000000000000                         1000   090000000000 
7560001300078Q 011000010402298918LUIGI SILVA FILIPPETTO                  RUA BELA CINTRA ,1450                   CONSOLACAO     01415004      SAO PAULOSP0000000000000000                                        000                            
7560001300079R 01000000000000000000000000000000000000000000000000128022025000000000000686                                                                                                              0000000000000000 000000000000  0         
7560001300080S 013                                                                                                                                                                                                                              
7560001300081P 010563100000020064454 000029604001011     10 224358014480000002802202500000000002120000000 02A12022025128022025000000000000007000000000000000000000000000000000000000000000000000000                         1000   090000000000 
7560001300082Q 011000096218444600PATRICIA ALEXANDRINA DA SILVA MORAIS    RUA PRESIDENTE CASTELO BRANCO  ,137     CENTRO         37240000     LUMINARIASMG0000000000000000                                        000                            
7560001300083R 01000000000000000000000000000000000000000000000000128022025000000000000424                                                                                                              0000000000000000 000000000000  0         
7560001300084S 013                                                                                                                                                                                                                              
7560001300085P 010563100000020064454 000029605701011     10 224458321530000002802202500000000002470000000 02A12022025128022025000000000000008000000000000000000000000000000000000000000000000000000                         1000   090000000000 
7560001300086Q 011000064095061804MARIA CARNEIRO DE ANDRADE               RUA TERCEIRO-SARGENTO-AERONAUTICA F,80  JARDIM SANTA ME07096240      GUARULHOSSP0000000000000000                                        000                            
7560001300087R 01000000000000000000000000000000000000000000000000128022025000000000000494                                                                                                              0000000000000000 000000000000  0         
7560001300088S 013                                                                                                                                                                                                                              
7560001300089P 010563100000020064454 000029606401011     10 224514212580000002502202500000000004325900000 02A12022025125022025000000000000014000000000000000000000000000000000000000000000000000000                         1000   090000000000 
7560001300090Q 011000044218123829NATHALIA VIRGINIA GOMES                 RUA FERNANDO LUZ ,290                   AGUA CHATA     07251365      GUARULHOSSP0000000000000000                                        000                            
7560001300091R 01000000000000000000000000000000000000000000000000125022025000000000000865                                                                                                              0000000000000000 000000000000  0         
7560001300092S 013                                                                                                                                                                                                                              
7560001300093P 010563100000020064454 000029607101011     10 224086119050000002502202500000000001908000000 02A12022025125022025000000000000006000000000000000000000000000000000000000000000000000000                         1000   090000000000 
7560001300094Q 011000027567853850CRISTIANE DORNAS PANHOTTA ARAUJO        RUA JOAO ARTONI ,170                    JARDIM TESTAE  07130510      GUARULHOSSP0000000000000000                                        000                            
7560001300095R 01000000000000000000000000000000000000000000000000125022025000000000000382                                                                                                              0000000000000000 000000000000  0         
7560001300096S 013                                                                                                                                                                                                                              
7560001300097P 010563100000020064454 000029608901011     10 224296320710000002802202500000000003432000000 02A12022025128022025000000000000011000000000000000000000000000000000000000000000000000000                         1000   090000000000 
7560001300098Q 011000005628080942RAPHAELA FILIPPETTO                     AVENIDA DOUTOR CARDOSO DE MELO ,841     VILA OLIMPIA   04548003      SAO PAULOSP0000000000000000                                        000                            
7560001300099R 01000000000000000000000000000000000000000000000000128022025000000000000686                                                                                                              0000000000000000 000000000000  0         
7560001300100S 013                                                                                                                                                                                                                              
7560001300101P 010563100000020064454 000029609601011     10 224517812590000002502202500000000003932600000 02A12022025125022025000000000000013000000000000000000000000000000000000000000000000000000                         1000   090000000000 
7560001300102Q 011000041028268823RODRIGO SANTIEGO DA SILVA               RUA FERNANDO LUZ ,290                   AGUA CHATA     07251365      GUARULHOSSP0000000000000000                                        000                            
7560001300103R 01000000000000000000000000000000000000000000000000125022025000000000000787                                                                                                              0000000000000000 000000000000  0         
7560001300104S 013                                                                                                                                                                                                                              
7560001300105P 010563100000020064454 000029610401011     10 224520254200000002802202500000000004081300000 02A12022025128022025000000000000013000000000000000000000000000000000000000000000000000000                         1000   090000000000 
7560001300106Q 011000018743687830TANIA CORREA DA SILVA                   RUA IPIOBUNA ,207                       JARDIM CUMBICA 07240040      GUARULHOSSP0000000000000000                                        000                            
7560001300107R 01000000000000000000000000000000000000000000000000128022025000000000000816                                                                                                              0000000000000000 000000000000  0         
7560001300108S 013                                                                                                                                                                                                                              
75600015         00002700002700000000000873233000000000000000000000000000000000000000000000000000000000000000000000                                                                                                                             
75699999         000001000027000000                                                                                                                                                                                                             