75600000         219895217000135                    0563100000020064454 IWS CURSOS DE IDIOMAS LTDA    SICOOB                                  10402202509374300000108100000                                                                     
75600011R01  040 2019895217000135                    0563100000020064454 IWS CURSOS DE IDIOMAS LTDA                                                                                    000048910402202500000000                                 
7560001300001P 010563100000020064454 000029523801011     10 223976613100000001502202500000000001471100000 02A04022025115022025000000000000005000000000000000000000000000000000000000000000000000000                         1000   090000000000 
7560001300002Q 011000004099091902DANIEL FELIPE FILACHOWSKI               RUA CASSIO MEDEIROS ,                   VORSTADT       89015480       BLUMENAUSC0000000000000000                                        000                            
7560001300003R 01000000000000000000000000000000000000000000000000115022025000000000000294                                                                                                              0000000000000000 000000000000  0         
7560001300004S 013                                                                                                                                                                                                                              
75600015         00000100000100000000000014711000000000000000000000000000000000000000000000000000000000000000000000                                                                                                                             
75699999         000001000001000000                                                                                                                                                                                                             