75600000         219895217000135                    0563100000020064454 IWS CURSOS DE IDIOMAS LTDA    SICOOB                                  12207202413553200000108100000                                                                     
75600011R01  040 2019895217000135                    0563100000020064454 IWS CURSOS DE IDIOMAS LTDA                                                                                    000046532207202400000000                                 
7560001300001P 010563100000020064454 000027429101011     10 224104815330000000508202400000000003500000000 02A22072024105082024000000000000012000000000000000000000000000000000000000000000000000000                         1000   090000000000 
7560001300002Q 011000018506198836ALESSANDRA PEREIRA DA SILVA             RUA ANTONIO NASCENTES ,227              CHACARA SAO JOA02279140      SAO PAULOSP0000000000000000                                        000                            
7560001300003R 01000000000000000000000000000000000000000000000000105082024000000000000700                                                                                                              0000000000000000 000000000000  0         
7560001300004S 013                                                                                                                                                                                                                              
7560001300005P 010563100000020064454 000027430001011     10 224161220210000000508202400000000003000000000 02A22072024105082024000000000000010000000000000000000000000000000000000000000000000000000                         1000   090000000000 
7560001300006Q 011000029247398886ANGELA MARIA DIAS DOS REIS              RUA TRAJANO DE FARIA ,216               JARDIM NOVA TAB07141080      GUARULHOSSP0000000000000000                                        000                            
7560001300007R 01000000000000000000000000000000000000000000000000105082024000000000000600                                                                                                              0000000000000000 000000000000  0         
7560001300008S 013                                                                                                                                                                                                                              
7560001300009P 010563100000020064454 000027431701011     10 223978418800000000508202400000000004770000000 02A22072024105082024000000000000016000000000000000000000000000000000000000000000000000000                         1000   090000000000 
7560001300010Q 011000013428220803EDIVANIA CONCEICAO MEDEIROS DA SILVA    RUA MANGA ,642                          JD. ALBERTINA  07243500      GUARULHOSSP0000000000000000                                        000                            
7560001300011R 01000000000000000000000000000000000000000000000000105082024000000000000954                                                                                                              0000000000000000 000000000000  0         
7560001300012S 013                                                                                                                                                                                                                              
7560001300013P 010563100000020064454 000027432401011     10 223982018310000000508202400000000002830200000 02A22072024105082024000000000000009000000000000000000000000000000000000000000000000000000                         1000   090000000000 
7560001300014Q 011000034078049893ELLEN DOS SANTOS FRANCO                 RUA MARIA ZINTL ,114                    COCAIA         07121390      GUARULHOSSP0000000000000000                                        000                            
7560001300015R 01000000000000000000000000000000000000000000000000105082024000000000000566                                                                                                              0000000000000000 000000000000  0         
7560001300016S 013                                                                                                                                                                                                                              
7560001300017P 010563100000020064454 000027433101011     10 223915014860000000508202400000000003498000000 02A22072024105082024000000000000012000000000000000000000000000000000000000000000000000000                         1000   090000000000 
7560001300018Q 011000025313672843FABIOLA GURGEL                          RUA DOUTOR MIGUEL VIEIRA FERREIRA ,57   JARDIM ZAIRA   07095070      GUARULHOSSP0000000000000000                                        000                            
7560001300019R 01000000000000000000000000000000000000000000000000105082024000000000000700                                                                                                              0000000000000000 000000000000  0         
7560001300020S 013                                                                                                                                                                                                                              
7560001300021P 010563100000020064454 000027434901011     10 223989218100000000508202400000000002120000000 02A22072024105082024000000000000007000000000000000000000000000000000000000000000000000000                         1000   090000000000 
7560001300022Q 011000029619296877DEBORA DO CARMO ALVES DA SILVA          RUA JOSE MIGUEL ACKEL ,2790             JARDIM GUILHERM07273000      GUARULHOSSP0000000000000000                                        000                            
7560001300023R 01000000000000000000000000000000000000000000000000105082024000000000000424                                                                                                              0000000000000000 000000000000  0         
7560001300024S 013                                                                                                                                                                                                                              
7560001300025P 010563100000020064454 000027435601011     10 223994018500000000508202400000000002438000000 02A22072024105082024000000000000008000000000000000000000000000000000000000000000000000000                         1000   090000000000 
7560001300026Q 011000008563118803SIMONE SOARES ZUANETTI                  RUA JESUINO RABELLO ,196                VILA MILTON    07063150      GUARULHOSSP0000000000000000                                        000                            
7560001300027R 01000000000000000000000000000000000000000000000000105082024000000000000488                                                                                                              0000000000000000 000000000000  0         
7560001300028S 013                                                                                                                                                                                                                              
7560001300029P 010563100000020064454 000027436301011     10 224150116960000000508202400000000003074000000 02A22072024105082024000000000000010000000000000000000000000000000000000000000000000000000                         1000   090000000000 
7560001300030Q 011000025313672843FABIOLA GURGEL                          RUA DOUTOR MIGUEL VIEIRA FERREIRA ,57   JARDIM ZAIRA   07095070      GUARULHOSSP0000000000000000                                        000                            
7560001300031R 01000000000000000000000000000000000000000000000000105082024000000000000615                                                                                                              0000000000000000 000000000000  0         
7560001300032S 013                                                                                                                                                                                                                              
7560001300033P 010563100000020064454 000027437001011     10 224120120130000000508202400000000003500000000 02A22072024105082024000000000000012000000000000000000000000000000000000000000000000000000                         1000   090000000000 
7560001300034Q 011000048357994881HENRIQUE ADRIANO DE SOUSA SANTOS        AVENIDA JOSE AUGUSTO DA SILVA RICO ,621 VILA RICA      07156100      GUARULHOSSP0000000000000000                                        000                            
7560001300035R 01000000000000000000000000000000000000000000000000105082024000000000000700                                                                                                              0000000000000000 000000000000  0         
7560001300036S 013                                                                                                                                                                                                                              
7560001300037P 010563100000020064454 000027438801011     10 223996418520000000508202400000000002109400000 02A22072024105082024000000000000007000000000000000000000000000000000000000000000000000000                         1000   090000000000 
7560001300038Q 011000008563118803SIMONE SOARES ZUANETTI                  RUA JESUINO RABELLO ,196                VILA MILTON    07063150      GUARULHOSSP0000000000000000                                        000                            
7560001300039R 01000000000000000000000000000000000000000000000000105082024000000000000422                                                                                                              0000000000000000 000000000000  0         
7560001300040S 013                                                                                                                                                                                                                              
7560001300041P 010563100000020064454 000027439501011     10 224180313880000000508202400000000004500000000 02A22072024105082024000000000000015000000000000000000000000000000000000000000000000000000                         1000   090000000000 
7560001300042Q 011000027156202847DEBORA FERREIRA TRINDADE                RUA TERCEIRO-SARGENTO-AERONA,80 APT 216 JARDIM SANTA ME07096240      GUARULHOSSP0000000000000000                                        000                            
7560001300043R 01000000000000000000000000000000000000000000000000105082024000000000000900                                                                                                              0000000000000000 000000000000  0         
7560001300044S 013                                                                                                                                                                                                                              
7560001300045P 010563100000020064454 000027440301011     10 223876796600000000508202400000000003200000000 02A22072024105082024000000000000011000000000000000000000000000000000000000000000000000000                         1000   090000000000 
7560001300046Q 011000045489539810KETYLIN DOS SANTOS                      RUA BRANQUILHO ,30                      JARDIM DAS CAME08050470      SAO PAULOSP0000000000000000                                        000                            
7560001300047R 01000000000000000000000000000000000000000000000000105082024000000000000640                                                                                                              0000000000000000 000000000000  0         
7560001300048S 013                                                                                                                                                                                                                              
7560001300049P 010563100000020064454 000027441001011     10 223795014350000000508202400000000005671000000 02A22072024105082024000000000000019000000000000000000000000000000000000000000000000000000                         1000   090000000000 
7560001300050Q 011000009664163848LILIAN DE FATIMA SILVA                  RUA PROFESSOR WLADEMIR PEREIRA ,230     VILA SAO SILVES05386360      SAO PAULOSP0000000000000000                                        000                            
7560001300051R 01000000000000000000000000000000000000000000000000105082024000000000001134                                                                                                              0000000000000000 000000000000  0         
7560001300052S 013                                                                                                                                                                                                                              
7560001300053P 010563100000020064454 000027442801011     10 224242759500000000508202400000000002830200000 02A22072024105082024000000000000009000000000000000000000000000000000000000000000000000000                         1000   090000000000 
7560001300054Q 011000098867539000LUCIANA HISAYO ENDO                     RUA BENEDITO FAUSTINO DE MORAIS ,48     VILA RACHID    07012080      GUARULHOSSP0000000000000000                                        000                            
7560001300055R 01000000000000000000000000000000000000000000000000105082024000000000000566                                                                                                              0000000000000000 000000000000  0         
7560001300056S 013                                                                                                                                                                                                                              
7560001300057P 010563100000020064454 000027443501011     10 223798611980000000508202400000000002120000000 02A22072024105082024000000000000007000000000000000000000000000000000000000000000000000000                         1000   090000000000 
7560001300058Q 011000029939095848DIEGO GOMES                             RUA RIO DO PARDO ,200                   JARDIM ALBERTIN07243380      GUARULHOSSP0000000000000000                                        000                            
7560001300059R 01000000000000000000000000000000000000000000000000105082024000000000000424                                                                                                              0000000000000000 000000000000  0         
7560001300060S 013                                                                                                                                                                                                                              
7560001300061P 010563100000020064454 000027444201011     10 224018042000000000508202400000000002823000000 02A22072024105082024000000000000009000000000000000000000000000000000000000000000000000000                         1000   090000000000 
7560001300062Q 011000011632733846PAULO SERGIO GONCALVES DE OLIVEIRA      RUA ALBERTO HINOTO BENTO ,294           MACEDO         07197140      GUARULHOSSP0000000000000000                                        000                            
7560001300063R 01000000000000000000000000000000000000000000000000105082024000000000000565                                                                                                              0000000000000000 000000000000  0         
7560001300064S 013                                                                                                                                                                                                                              
7560001300065P 010563100000020064454 000027445001011     10 224024018190000000508202400000000002480400000 02A22072024105082024000000000000008000000000000000000000000000000000000000000000000000000                         1000   090000000000 
7560001300066Q 011000028597539828ROSANGELA DE LOURDES MENDES             RUA PRIMEIRO DE MAIO ,56                VILA ANTONIETA 07041220      GUARULHOSSP0000000000000000                                        000                            
7560001300067R 01000000000000000000000000000000000000000000000000105082024000000000000496                                                                                                              0000000000000000 000000000000  0         
7560001300068S 013                                                                                                                                                                                                                              
7560001300069P 010563100000020064454 000027446701011     10 223802215570000000508202400000000002650000000 02A22072024105082024000000000000009000000000000000000000000000000000000000000000000000000                         1000   090000000000 
7560001300070Q 011000043483096809SABRINA DE OLIVEIRA TAVARES             RUA DOUTOR PAULO MAURICIO DE OLIVEI,128 RESIDENCIAL CER07130560      GUARULHOSSP0000000000000000                                        000                            
7560001300071R 01000000000000000000000000000000000000000000000000105082024000000000000530                                                                                                              0000000000000000 000000000000  0         
7560001300072S 013                                                                                                                                                                                                                              
7560001300073P 010563100000020064454 000027447401011     10 224092710220000000508202400000000003262900000 02A22072024105082024000000000000011000000000000000000000000000000000000000000000000000000                         1000   090000000000 
7560001300074Q 011000043704621854VICTOR TONETTO MARQUES                  RUA SILVESTRE VASCONCELOS CALMON ,486   VILA PEDRO MORE07020001      GUARULHOSSP0000000000000000                                        000                            
7560001300075R 01000000000000000000000000000000000000000000000000105082024000000000000653                                                                                                              0000000000000000 000000000000  0         
7560001300076S 013                                                                                                                                                                                                                              
75600015         00001900001900000000000603771000000000000000000000000000000000000000000000000000000000000000000000                                                                                                                             
75699999         000001000019000000                                                                                                                                                                                                             