75600000         219895217000135                    0563100000020064454 IWS CURSOS DE IDIOMAS LTDA    SICOOB                                  10601202519155000000108100000                                                                     
75600011R01  040 2019895217000135                    0563100000020064454 IWS CURSOS DE IDIOMAS LTDA                                                                                    000048500601202500000000                                 
7560001300001P 010563100000020064454 000029223201011     10 224401912740000001501202500000000000500000000 02A06012025115012025000000000000002000000000000000000000000000000000000000000000000000000                         1000   090000000000 
7560001300002Q 011000010779614488TANIA BARBOSA SANTOS                    AVENIDA DOM JAIME DE BARROS CAMARA ,945 PLANALTO       09895400SAO BERNARDO DOSP0000000000000000                                        000                            
7560001300003R 01000000000000000000000000000000000000000000000000115012025000000000000100                                                                                                              0000000000000000 000000000000  0         
7560001300004S 013                                                                                                                                                                                                                              
75600015         00000100000100000000000005000000000000000000000000000000000000000000000000000000000000000000000000                                                                                                                             
75699999         000001000001000000                                                                                                                                                                                                             