75600000         219895217000135                    0563100000020064454 IWS CURSOS DE IDIOMAS LTDA    SICOOB                                  10312202415232600000108100000                                                                     
75600011R01  040 2019895217000135                    0563100000020064454 IWS CURSOS DE IDIOMAS LTDA                                                                                    000048350312202400000000                                 
7560001300001P 010563100000020064454 000029034001011     10 224359142200000001001202500000000003337100000 02A03122024110012025000000000000011000000000000000000000000000000000000000000000000000000                         1000   090000000000 
7560001300002Q 011000053378733853PEDRO TAMOTSU HARA                      RUA ALIPIO DE SOUZA ,370                JARDIM DIVINOLA07133170      GUARULHOSSP0000000000000000                                        000                            
7560001300003R 01000000000000000000000000000000000000000000000000110012025000000000000667                                                                                                              0000000000000000 000000000000  0         
7560001300004S 013                                                                                                                                                                                                                              
7560001300005P 010563100000020064454 000029035701011     10 224359242200000001002202500000000003337100000 02A03122024110022025000000000000011000000000000000000000000000000000000000000000000000000                         1000   090000000000 
7560001300006Q 011000053378733853PEDRO TAMOTSU HARA                      RUA ALIPIO DE SOUZA ,370                JARDIM DIVINOLA07133170      GUARULHOSSP0000000000000000                                        000                            
7560001300007R 01000000000000000000000000000000000000000000000000110022025000000000000667                                                                                                              0000000000000000 000000000000  0         
7560001300008S 013                                                                                                                                                                                                                              
7560001300009P 010563100000020064454 000029036401011     10 224359342200000001003202500000000003337100000 02A03122024110032025000000000000011000000000000000000000000000000000000000000000000000000                         1000   090000000000 
7560001300010Q 011000053378733853PEDRO TAMOTSU HARA                      RUA ALIPIO DE SOUZA ,370                JARDIM DIVINOLA07133170      GUARULHOSSP0000000000000000                                        000                            
7560001300011R 01000000000000000000000000000000000000000000000000110032025000000000000667                                                                                                              0000000000000000 000000000000  0         
7560001300012S 013                                                                                                                                                                                                                              
7560001300013P 010563100000020064454 000029037101011     10 224359442200000001004202500000000003337100000 02A03122024110042025000000000000011000000000000000000000000000000000000000000000000000000                         1000   090000000000 
7560001300014Q 011000053378733853PEDRO TAMOTSU HARA                      RUA ALIPIO DE SOUZA ,370                JARDIM DIVINOLA07133170      GUARULHOSSP0000000000000000                                        000                            
7560001300015R 01000000000000000000000000000000000000000000000000110042025000000000000667                                                                                                              0000000000000000 000000000000  0         
7560001300016S 013                                                                                                                                                                                                                              
7560001300017P 010563100000020064454 000029038901011     10 224359542200000001005202500000000003337100000 02A03122024110052025000000000000011000000000000000000000000000000000000000000000000000000                         1000   090000000000 
7560001300018Q 011000053378733853PEDRO TAMOTSU HARA                      RUA ALIPIO DE SOUZA ,370                JARDIM DIVINOLA07133170      GUARULHOSSP0000000000000000                                        000                            
7560001300019R 01000000000000000000000000000000000000000000000000110052025000000000000667                                                                                                              0000000000000000 000000000000  0         
7560001300020S 013                                                                                                                                                                                                                              
7560001300021P 010563100000020064454 000029039601011     10 224359642200000001006202500000000003337100000 02A03122024110062025000000000000011000000000000000000000000000000000000000000000000000000                         1000   090000000000 
7560001300022Q 011000053378733853PEDRO TAMOTSU HARA                      RUA ALIPIO DE SOUZA ,370                JARDIM DIVINOLA07133170      GUARULHOSSP0000000000000000                                        000                            
7560001300023R 01000000000000000000000000000000000000000000000000110062025000000000000667                                                                                                              0000000000000000 000000000000  0         
7560001300024S 013                                                                                                                                                                                                                              
7560001300025P 010563100000020064454 000029040401011     10 224359742200000001007202500000000003337100000 02A03122024110072025000000000000011000000000000000000000000000000000000000000000000000000                         1000   090000000000 
7560001300026Q 011000053378733853PEDRO TAMOTSU HARA                      RUA ALIPIO DE SOUZA ,370                JARDIM DIVINOLA07133170      GUARULHOSSP0000000000000000                                        000                            
7560001300027R 01000000000000000000000000000000000000000000000000110072025000000000000667                                                                                                              0000000000000000 000000000000  0         
7560001300028S 013                                                                                                                                                                                                                              
7560001300029P 010563100000020064454 000029041101011     10 224359842200000001008202500000000003337100000 02A03122024110082025000000000000011000000000000000000000000000000000000000000000000000000                         1000   090000000000 
7560001300030Q 011000053378733853PEDRO TAMOTSU HARA                      RUA ALIPIO DE SOUZA ,370                JARDIM DIVINOLA07133170      GUARULHOSSP0000000000000000                                        000                            
7560001300031R 01000000000000000000000000000000000000000000000000110082025000000000000667                                                                                                              0000000000000000 000000000000  0         
7560001300032S 013                                                                                                                                                                                                                              
7560001300033P 010563100000020064454 000029042901011     10 224359942200000001009202500000000003337100000 02A03122024110092025000000000000011000000000000000000000000000000000000000000000000000000                         1000   090000000000 
7560001300034Q 011000053378733853PEDRO TAMOTSU HARA                      RUA ALIPIO DE SOUZA ,370                JARDIM DIVINOLA07133170      GUARULHOSSP0000000000000000                                        000                            
7560001300035R 01000000000000000000000000000000000000000000000000110092025000000000000667                                                                                                              0000000000000000 000000000000  0         
7560001300036S 013                                                                                                                                                                                                                              
75600015         00000900000900000000000300339000000000000000000000000000000000000000000000000000000000000000000000                                                                                                                             
75699999         000001000009000000                                                                                                                                                                                                             