75600000         229492820000120                    0563100000020087306 ANEXA IDIOMAS LTDA            SICOOB                                  10710202414361700000108100000                                                                     
75600011R01  040 2029492820000120                    0563100000020087306 ANEXA IDIOMAS LTDA                                                                                            000047680710202400000000                                 
7560001300001P 010563100000020087306 000028302801011     10 224423321210000000810202400000000006000000000 02A07102024108102024000000000000020000000000000000000000000000000000000000000000000000000                         1000   090000000000 
7560001300002Q 011000028842511897LUIZ ANTONIO FERREIRA TEIXEIRA DOS SANTOAVENIDA DOM JAIME DE BARROS CAMARA ,825 PLANALTO       09895400SAO BERNARDO DOSP0000000000000000                                        000                            
7560001300003R 01000000000000000000000000000000000000000000000000108102024000000000001200                                                                                                              0000000000000000 000000000000  0         
7560001300004S 013                                                                                                                                                                                                                              
75600015         00000100000100000000000060000000000000000000000000000000000000000000000000000000000000000000000000                                                                                                                             
75699999         000001000001000000                                                                                                                                                                                                             