75600000         232970660000191                    0563100000020098014 EDUULMC CURSOS DE IDIOMAS EIRESICOOB                                  11811202412515900000108100000                                                                     
75600011R01  040 2032970660000191                    0563100000020098014 EDUULMC CURSOS DE IDIOMAS EIRE                                                                                000048171811202400000000                                 
7560001300001P 010563100000020098014 000028725701011     10 224369021020000003011202400000000003872000000 02A18112024130112024000000000000013000000000000000000000000000000000000000000000000000000                         1000   090000000000 
7560001300002Q 011000007806315799 LUCIANA RIBEIRO ALVES                  ESTRADA SAO FRANCISCO , 2791            JARDIM WANDA   06765001TABOAO DA SERRASP0000000000000000                                        000                            
7560001300003R 01000000000000000000000000000000000000000000000000130112024000000000000774                                                                                                              0000000000000000 000000000000  0         
7560001300004S 013                                                                                                                                                                                                                              
7560001300005P 010563100000020098014 000028726401011     10 224393319670000002511202400000000003773600000 02A18112024125112024000000000000012000000000000000000000000000000000000000000000000000000                         1000   090000000000 
7560001300006Q 011000042973398894ANNA JULIA DE PAULA ABREU               RUA SERRA DE BRAGANCA ,855              VILA GOMES CARD03318000      SAO PAULOSP0000000000000000                                        000                            
7560001300007R 01000000000000000000000000000000000000000000000000125112024000000000000755                                                                                                              0000000000000000 000000000000  0         
7560001300008S 013                                                                                                                                                                                                                              
7560001300009P 010563100000020098014 000028727101011     10 224355314490000002511202400000000006889000000 02A18112024125112024000000000000023000000000000000000000000000000000000000000000000000000                         1000   090000000000 
7560001300010Q 011000047364370811BARBARA PINTO PEINADOR GARCIA           RUA NAGIB IZAR ,357 (CASA)              JARDIM ANALIA F03337070      SAO PAULOSP0000000000000000                                        000                            
7560001300011R 01000000000000000000000000000000000000000000000000125112024000000000001378                                                                                                              0000000000000000 000000000000  0         
7560001300012S 013                                                                                                                                                                                                                              
7560001300013P 010563100000020098014 000028728901011     10 224203115300000003011202400000000003460700000 02A18112024130112024000000000000011000000000000000000000000000000000000000000000000000000                         1000   090000000000 
7560001300014Q 011000047064514850FERNANDO VASCONDE DE ARRUDA             AVENIDA MARECHAL HERMES ,119            CANTO DO FORTE 11700250   PRAIA GRANDESP0000000000000000                                        000                            
7560001300015R 01000000000000000000000000000000000000000000000000130112024000000000000692                                                                                                              0000000000000000 000000000000  0         
7560001300016S 013                                                                                                                                                                                                                              
7560001300017P 010563100000020098014 000028729601011     10 224230520550000002511202400000000007000000000 02A18112024125112024000000000000023000000000000000000000000000000000000000000000000000000                         1000   090000000000 
7560001300018Q 011000023105369899PABLO ALBERTO ALBANO                    RUA DOS DEMOCRATAS ,691                 VILA MONTE ALEG04305000      SAO PAULOSP0000000000000000                                        000                            
7560001300019R 01000000000000000000000000000000000000000000000000125112024000000000001400                                                                                                              0000000000000000 000000000000  0         
7560001300020S 013                                                                                                                                                                                                                              
7560001300021P 010563100000020098014 000028730401011     10 223920114980000002511202400000000002915000000 02A18112024125112024000000000000010000000000000000000000000000000000000000000000000000000                         1000   090000000000 
7560001300022Q 011000027893285877ANA PAULA HAMMERMEISTER GIMENES         RUA JOSE DIAS ,100                      ESTANCIA DAS FL13919260     JAGUARIUNASP0000000000000000                                        000                            
7560001300023R 01000000000000000000000000000000000000000000000000125112024000000000000583                                                                                                              0000000000000000 000000000000  0         
7560001300024S 013                                                                                                                                                                                                                              
7560001300025P 010563100000020098014 000028731101011     10 224114619800000003011202400000000001000000000 02A18112024130112024000000000000003000000000000000000000000000000000000000000000000000000                         1000   090000000000 
7560001300026Q 011000026605186885ARIANA ACQUESTA CANAL                   AVENIDA DOM JAIME DE BARROS CAMARA ,515 PLANALTO       09895400SAO BERNARDO DOSP0000000000000000                                        000                            
7560001300027R 01000000000000000000000000000000000000000000000000130112024000000000000200                                                                                                              0000000000000000 000000000000  0         
7560001300028S 013                                                                                                                                                                                                                              
7560001300029P 010563100000020098014 000028732901011     10 224453021480000003011202400000000002500000000 02A18112024130112024000000000000008000000000000000000000000000000000000000000000000000000                         1000   090000000000 
7560001300030Q 011000013167507870LUCIENE DIANA SIQUEIRA                  RUA PADRE VIEIRA ,379                   JARDIM         09090720    SANTO ANDRESP0000000000000000                                        000                            
7560001300031R 01000000000000000000000000000000000000000000000000130112024000000000000500                                                                                                              0000000000000000 000000000000  0         
7560001300032S 013                                                                                                                                                                                                                              
7560001300033P 010563100000020098014 000028733601011     10 224323519380000003011202400000000002830200000 02A18112024130112024000000000000009000000000000000000000000000000000000000000000000000000                         1000   090000000000 
7560001300034Q 011000045724935880MARINA CESCHIN                          AVENIDA DOM JAIME DE BARROS CAMARA ,670 PLANALTO       09895400SAO BERNARDO DOSP0000000000000000                                        000                            
7560001300035R 01000000000000000000000000000000000000000000000000130112024000000000000566                                                                                                              0000000000000000 000000000000  0         
7560001300036S 013                                                                                                                                                                                                                              
7560001300037P 010563100000020098014 000028734301011     10 224460621550000003011202400000000002407200000 02A18112024130112024000000000000008000000000000000000000000000000000000000000000000000000                         1000   090000000000 
7560001300038Q 011000054348414840MATHEUS DE OLIVEIRA VANKAICK LAMEIRINHA RUA PEDRO FERRER ,40                    PARQUE IPE     05572070      SAO PAULOSP0000000000000000                                        000                            
7560001300039R 01000000000000000000000000000000000000000000000000130112024000000000000481                                                                                                              0000000000000000 000000000000  0         
7560001300040S 013                                                                                                                                                                                                                              
7560001300041P 010563100000020098014 000028735001011     10 224405621180000002511202400000000002830200000 02A18112024125112024000000000000009000000000000000000000000000000000000000000000000000000                         1000   090000000000 
7560001300042Q 011000022651413801RAQUEL VIEIRA FONTES                    RUA TIBERIO PEDRESCHI ,126              PLANALTO       09890450SAO BERNARDO DOSP0000000000000000                                        000                            
7560001300043R 01000000000000000000000000000000000000000000000000125112024000000000000566                                                                                                              0000000000000000 000000000000  0         
7560001300044S 013                                                                                                                                                                                                                              
7560001300045P 010563100000020098014 000028736801011     10 224406821180000002511202400000000000300000000 02A18112024125112024000000000000001000000000000000000000000000000000000000000000000000000                         1000   090000000000 
7560001300046Q 011000022651413801RAQUEL VIEIRA FONTES                    RUA TIBERIO PEDRESCHI ,126              PLANALTO       09890450SAO BERNARDO DOSP0000000000000000                                        000                            
7560001300047R 01000000000000000000000000000000000000000000000000125112024000000000000060                                                                                                              0000000000000000 000000000000  0         
7560001300048S 013                                                                                                                                                                                                                              
7560001300049P 010563100000020098014 000028737501011     10 224020718410000002811202400000000002405700000 02A18112024128112024000000000000008000000000000000000000000000000000000000000000000000000                         1000   090000000000 
7560001300050Q 011000043322125840PIETRA MARTINS DA SILVA                 RUA DOUTOR EDILBERTO LUIS PEREIRA D,990 CIDADE UNIVERSI13083190       CAMPINASSP0000000000000000                                        000                            
7560001300051R 01000000000000000000000000000000000000000000000000128112024000000000000481                                                                                                              0000000000000000 000000000000  0         
7560001300052S 013                                                                                                                                                                                                                              
7560001300053P 010563100000020098014 000028738201011     10 224095419120000003011202400000000003392000000 02A18112024130112024000000000000011000000000000000000000000000000000000000000000000000000                         1000   090000000000 
7560001300054Q 011000020272815845ALEX SANDRO CHELA                       RUA HAYAKO YAMAUCHI ,32                 POLVILHO       07793440        CAJAMARSP0000000000000000                                        000                            
7560001300055R 01000000000000000000000000000000000000000000000000130112024000000000000678                                                                                                              0000000000000000 000000000000  0         
7560001300056S 013                                                                                                                                                                                                                              
75600015         00001400001400000000000455756000000000000000000000000000000000000000000000000000000000000000000000                                                                                                                             
75699999         000001000014000000                                                                                                                                                                                                             