75600000         219895217000135                    0563100000020064454 IWS CURSOS DE IDIOMAS LTDA    SICOOB                                  11006202412530600000108100000                                                                     
75600011R01  040 2019895217000135                    0563100000020064454 IWS CURSOS DE IDIOMAS LTDA                                                                                    000045981006202400000000                                 
7560001300001P 010563100000020064454 000027041301011     10 223990212770000002506202400000000003672900000 02A10062024125062024000000000000012000000000000000000000000000000000000000000000000000000                         1000   090000000000 
7560001300002Q 011000054691277889GABRIEL NOGUEIRA MARTINS ALVARENGA      RUA DOS FRANCESES ,498                  MORRO DOS INGLE01329010      SAO PAULOSP0000000000000000                                        000                            
7560001300003R 01000000000000000000000000000000000000000000000000125062024000000000000735                                                                                                              0000000000000000 000000000000  0         
7560001300004S 013                                                                                                                                                                                                                              
7560001300005P 010563100000020064454 000027042001011     10 223882413200000002006202400000000003350000000 02A10062024120062024000000000000011000000000000000000000000000000000000000000000000000000                         1000   090000000000 
7560001300006Q 011000014040948068HELOISA HELENA MONTEIRO KROMBERG        RUA DOS FRANCESES ,498 111 E            MORRO DOS INGLE01329010      SAO PAULOSP0000000000000000                                        000                            
7560001300007R 01000000000000000000000000000000000000000000000000120062024000000000000670                                                                                                              0000000000000000 000000000000  0         
7560001300008S 013                                                                                                                                                                                                                              
7560001300009P 010563100000020064454 000027043801011     10 223928048900000002006202400000000002796100000 02A10062024120062024000000000000009000000000000000000000000000000000000000000000000000000                         1000   090000000000 
7560001300010Q 011000048915085825JOYCE BOLOGNANI ROVERI                  AVENIDA DOM JAIME DE BARROS CAMARA ,715 PLANALTO       09895400SAO BERNARDO DOSP0000000000000000                                        000                            
7560001300011R 01000000000000000000000000000000000000000000000000120062024000000000000559                                                                                                              0000000000000000 000000000000  0         
7560001300012S 013                                                                                                                                                                                                                              
7560001300013P 010563100000020064454 000027044501011     10 223948413220000002006202400000000003428000000 02A10062024120062024000000000000011000000000000000000000000000000000000000000000000000000                         1000   090000000000 
7560001300014Q 011000000887279805THAIS FAE LAVAREDA DE SOUZA             RUA DOS HOLANDESES ,31 APT 51           MORRO DOS INGLE01329020      SAO PAULOSP0000000000000000                                        000                            
7560001300015R 01000000000000000000000000000000000000000000000000120062024000000000000686                                                                                                              0000000000000000 000000000000  0         
7560001300016S 013                                                                                                                                                                                                                              
75600015         00000400000400000000000132470000000000000000000000000000000000000000000000000000000000000000000000                                                                                                                             
75699999         000001000004000000                                                                                                                                                                                                             