75600000         219895217000135                    0563100000020064454 IWS CURSOS DE IDIOMAS LTDA    SICOOB                                  11002202514200600000108100000                                                                     
75600011R01  040 2019895217000135                    0563100000020064454 IWS CURSOS DE IDIOMAS LTDA                                                                                    000049031002202500000000                                 
7560001300001P 010563100000020064454 000029580801011     10 224670583100000001002202500000000006000000000 02A10022025110022025000000000000020000000000000000000000000000000000000000000000000000000                         1000   090000000000 
7560001300002Q 011000024713565830ROGERIO DE OLIVEIRA MENDES              RUA DO BIXIGA ,68                       BELA VISTA     01315020      SAO PAULOSP0000000000000000                                        000                            
7560001300003R 01000000000000000000000000000000000000000000000000110022025000000000001200                                                                                                              0000000000000000 000000000000  0         
7560001300004S 013                                                                                                                                                                                                                              
75600015         00000100000100000000000060000000000000000000000000000000000000000000000000000000000000000000000000                                                                                                                             
75699999         000001000001000000                                                                                                                                                                                                             