75600000         229492820000120                    0563100000020087306 ANEXA IDIOMAS LTDA            SICOOB                                  10701202509594200000108100000                                                                     
75600011R01  040 2029492820000120                    0563100000020087306 ANEXA IDIOMAS LTDA                                                                                            000048540701202500000000                                 
7560001300001P 010563100000020087306 000029249001011     10 224394783200000002101202500000000007712300000 02A07012025121012025000000000000025000000000000000000000000000000000000000000000000000000                         1000   090000000000 
7560001300002Q 011000017042999851AURORA CRISTINA DOMINGOS                RUA ANTONIO FELIPE ,1540                CENTRO         87704030      PARANAVAIPR0000000000000000                                        000                            
7560001300003R 01000000000000000000000000000000000000000000000000121012025000000000001542                                                                                                              0000000000000000 000000000000  0         
7560001300004S 013                                                                                                                                                                                                                              
7560001300005P 010563100000020087306 000029250901011     10 224193420430000002001202500000000002830000000 02A07012025120012025000000000000009000000000000000000000000000000000000000000000000000000                         1000   090000000000 
7560001300006Q 011000026257486807ELIANA SOUSA DE OLIVEIRA                RUA ADEMIR DE MENEZES ,120              PLANALTO       09896130SAO BERNARDO DOSP0000000000000000                                        000                            
7560001300007R 01000000000000000000000000000000000000000000000000120012025000000000000566                                                                                                              0000000000000000 000000000000  0         
7560001300008S 013                                                                                                                                                                                                                              
7560001300009P 010563100000020087306 000029251601011     10 223911918670000002001202500000000002897000000 02A07012025120012025000000000000010000000000000000000000000000000000000000000000000000000                         1000   090000000000 
7560001300010Q 011000032654262898DIEGO CESAR DE PAULA                    RUA GUADALAJARA ,260                    JARDIM GUANABAR13211822        JUNDIAISP0000000000000000                                        000                            
7560001300011R 01000000000000000000000000000000000000000000000000120012025000000000000579                                                                                                              0000000000000000 000000000000  0         
7560001300012S 013                                                                                                                                                                                                                              
7560001300013P 010563100000020087306 000029252301011     10 224412918670000002001202500000000000300000000 02A07012025120012025000000000000001000000000000000000000000000000000000000000000000000000                         1000   090000000000 
7560001300014Q 011000032654262898DIEGO CESAR DE PAULA                    RUA GUADALAJARA ,260                    JARDIM GUANABAR13211822        JUNDIAISP0000000000000000                                        000                            
7560001300015R 01000000000000000000000000000000000000000000000000120012025000000000000060                                                                                                              0000000000000000 000000000000  0         
7560001300016S 013                                                                                                                                                                                                                              
7560001300017P 010563100000020087306 000029253001011     10 224116920100000002001202500000000001880000000 02A07012025120012025000000000000006000000000000000000000000000000000000000000000000000000                         1000   090000000000 
7560001300018Q 011000045097684869LUANA DA SILVA RODRIGUES                RUA DOS MIRANDAS ,80                    INAMAR         09981100        DIADEMASP0000000000000000                                        000                            
7560001300019R 01000000000000000000000000000000000000000000000000120012025000000000000376                                                                                                              0000000000000000 000000000000  0         
7560001300020S 013                                                                                                                                                                                                                              
7560001300021P 010563100000020087306 000029254801011     10 223988518910000002001202500000000003392000000 02A07012025120012025000000000000011000000000000000000000000000000000000000000000000000000                         1000   090000000000 
7560001300022Q 011000036517885803FERNANDO HENRIQUE CESTO ASCENSO         RUA RUBENS DE SOUZA ARAUJO ,199         VILA MANGALOT  05132000      SAO PAULOSP0000000000000000                                        000                            
7560001300023R 01000000000000000000000000000000000000000000000000120012025000000000000678                                                                                                              0000000000000000 000000000000  0         
7560001300024S 013                                                                                                                                                                                                                              
7560001300025P 010563100000020087306 000029255501011     10 223937112980000002001202500000000001749000000 02A07012025120012025000000000000006000000000000000000000000000000000000000000000000000000                         1000   090000000000 
7560001300026Q 011000014026905845SOLANGE APARECIDA GRANGEIRO DE SOUZA    RUA MIGUEL COUTO ,307                   PLANALTO       09895130SAO BERNARDO DOSP0000000000000000                                        000                            
7560001300027R 01000000000000000000000000000000000000000000000000120012025000000000000350                                                                                                              0000000000000000 000000000000  0         
7560001300028S 013                                                                                                                                                                                                                              
7560001300029P 010563100000020087306 000029256201011     10 224427421320000002001202500000000003200000000 02A07012025120012025000000000000011000000000000000000000000000000000000000000000000000000                         1000   090000000000 
7560001300030Q 011000003344958496MARCELA BARRETO DE OLIVEIRA             RUA LUIZ PRIMOLA DA SILVA ,117          BANCARIOS      58051340    JOAO PESSOAPB0000000000000000                                        000                            
7560001300031R 01000000000000000000000000000000000000000000000000120012025000000000000640                                                                                                              0000000000000000 000000000000  0         
7560001300032S 013                                                                                                                                                                                                                              
7560001300033P 010563100000020087306 000029257001011     10 224233520580000002001202500000000002200000000 02A07012025120012025000000000000007000000000000000000000000000000000000000000000000000000                         1000   090000000000 
7560001300034Q 011000046586007810NICOLE DOS SANTOS                       RUA NELSON RODRIGUES ,103               PLANALTO       09896170SAO BERNARDO DOSP0000000000000000                                        000                            
7560001300035R 01000000000000000000000000000000000000000000000000120012025000000000000440                                                                                                              0000000000000000 000000000000  0         
7560001300036S 013                                                                                                                                                                                                                              
7560001300037P 010563100000020087306 000029258701011     10 224173520280000002001202500000000003520000000 02A07012025120012025000000000000012000000000000000000000000000000000000000000000000000000                         1000   090000000000 
7560001300038Q 011000043469702810RENAN FERREIRA DIAS                     AVENIDA DOM JAIME DE BARROS CAMARA ,763 PLANALTO       09895400SAO BERNARDO DOSP0000000000000000                                        000                            
7560001300039R 01000000000000000000000000000000000000000000000000120012025000000000000704                                                                                                              0000000000000000 000000000000  0         
7560001300040S 013                                                                                                                                                                                                                              
7560001300041P 010563100000020087306 000029259401011     10 224160217190000002001202500000000002236000000 02A07012025120012025000000000000007000000000000000000000000000000000000000000000000000000                         1000   090000000000 
7560001300042Q 011000020533601860LUCIANA CARVALHO                        AVENIDA DOM JAIME DE BARROS CAMARA ,675 PLANALTO       09895400SAO BERNARDO DOSP0000000000000000                                        000                            
7560001300043R 01000000000000000000000000000000000000000000000000120012025000000000000447                                                                                                              0000000000000000 000000000000  0         
7560001300044S 013                                                                                                                                                                                                                              
75600015         00001100001100000000000319163000000000000000000000000000000000000000000000000000000000000000000000                                                                                                                             
75699999         000001000011000000                                                                                                                                                                                                             