75600000         219895217000135                    0563100000020064454 IWS CURSOS DE IDIOMAS LTDA    SICOOB                                  12711202414343700000108100000                                                                     
75600011R01  040 2019895217000135                    0563100000020064454 IWS CURSOS DE IDIOMAS LTDA                                                                                    000048232711202400000000                                 
7560001300001P 010563100000020064454 000028795201011     10 224262919340000001012202400000000003392000000 02A27112024110122024000000000000011000000000000000000000000000000000000000000000000000000                         1000   090000000000 
7560001300002Q 011000017533829808CLEBER ANTONIO CHINELETTO               RUA DOS FRANCESES ,498                  MORRO DOS INGLE01329010      SAO PAULOSP0000000000000000                                        000                            
7560001300003R 01000000000000000000000000000000000000000000000000110122024000000000000678                                                                                                              0000000000000000 000000000000  0         
7560001300004S 013                                                                                                                                                                                                                              
7560001300005P 010563100000020064454 000028796001011     10 224309214310000001012202400000000004325900000 02A27112024110122024000000000000014000000000000000000000000000000000000000000000000000000                         1000   090000000000 
7560001300006Q 011000017612949890ELISABETH NOGUEIRA MARTINS              RUA DOS FRANCESES ,498                  MORRO DOS INGLE01329010      SAO PAULOSP0000000000000000                                        000                            
7560001300007R 01000000000000000000000000000000000000000000000000110122024000000000000865                                                                                                              0000000000000000 000000000000  0         
7560001300008S 013                                                                                                                                                                                                                              
7560001300009P 010563100000020064454 000028797701011     10 224265314000000001012202400000000002809000000 02A27112024110122024000000000000009000000000000000000000000000000000000000000000000000000                         1000   090000000000 
7560001300010Q 011000048087608860BIANCA OLIVEIRA SILVA                   ALAMEDA JOAQUIM EUGENIO DE LIMA ,130    JARDIM PAULISTA01403000      SAO PAULOSP0000000000000000                                        000                            
7560001300011R 01000000000000000000000000000000000000000000000000110122024000000000000562                                                                                                              0000000000000000 000000000000  0         
7560001300012S 013                                                                                                                                                                                                                              
7560001300013P 010563100000020064454 000028798401011     10 223970413410000001012202400000000004081000000 02A27112024110122024000000000000013000000000000000000000000000000000000000000000000000000                         1000   090000000000 
7560001300014Q 011000017533829808CLEBER ANTONIO CHINELATO                RUA DOS FRANCESES ,498                  MORRO DOS INGLE01329010      SAO PAULOSP0000000000000000                                        000                            
7560001300015R 01000000000000000000000000000000000000000000000000110122024000000000000816                                                                                                              0000000000000000 000000000000  0         
7560001300016S 013                                                                                                                                                                                                                              
7560001300017P 010563100000020064454 000028799101011     10 223904684000000000512202400000000002332000000 02A27112024105122024000000000000008000000000000000000000000000000000000000000000000000000                         1000   090000000000 
7560001300018Q 011000015257641879CARLOS ALEXANDRE RIBEIRINHO             AVENIDA DO GUACA ,859                   LAUZANE PAULIST02435001      SAO PAULOSP0000000000000000                                        000                            
7560001300019R 01000000000000000000000000000000000000000000000000105122024000000000000466                                                                                                              0000000000000000 000000000000  0         
7560001300020S 013                                                                                                                                                                                                                              
7560001300021P 010563100000020064454 000028800501011     10 223972813440000001012202400000000003672900000 02A27112024110122024000000000000012000000000000000000000000000000000000000000000000000000                         1000   090000000000 
7560001300022Q 011000017533829808CLEBER ANTONIO CHINELATO                RUA DOS FRANCESES ,498                  MORRO DOS INGLE01329010      SAO PAULOSP0000000000000000                                        000                            
7560001300023R 01000000000000000000000000000000000000000000000000110122024000000000000735                                                                                                              0000000000000000 000000000000  0         
7560001300024S 013                                                                                                                                                                                                                              
7560001300025P 010563100000020064454 000028801201011     10 224145769400000000512202400000000003815400000 02A27112024105122024000000000000013000000000000000000000000000000000000000000000000000000                         1000   090000000000 
7560001300026Q 011000036768656856CINTIA DEZASSO QUINI                    RUA ALMIRANTE MARQUES LEAO ,            BELA VISTA     01330010      SAO PAULOSP0000000000000000                                        000                            
7560001300027R 01000000000000000000000000000000000000000000000000105122024000000000000763                                                                                                              0000000000000000 000000000000  0         
7560001300028S 013                                                                                                                                                                                                                              
7560001300029P 010563100000020064454 000028802001011     10 224063112800000001012202400000000003090500000 02A27112024110122024000000000000010000000000000000000000000000000000000000000000000000000                         1000   090000000000 
7560001300030Q 011000098638726287DAN SHINKAI                             RUA CARMO DO RIO CLARO ,618             CAMBUCI        01541060      SAO PAULOSP0000000000000000                                        000                            
7560001300031R 01000000000000000000000000000000000000000000000000110122024000000000000618                                                                                                              0000000000000000 000000000000  0         
7560001300032S 013                                                                                                                                                                                                                              
7560001300033P 010563100000020064454 000028803701011     10 224316414130000000512202400000000003088600000 02A27112024105122024000000000000010000000000000000000000000000000000000000000000000000000                         1000   090000000000 
7560001300034Q 011000010760816654LAURA CRISTINA LIMA DINIZ               RUA ANTONIO DE BONIS ,273               VILA BUTANTA   05360210      SAO PAULOSP0000000000000000                                        000                            
7560001300035R 01000000000000000000000000000000000000000000000000105122024000000000000618                                                                                                              0000000000000000 000000000000  0         
7560001300036S 013                                                                                                                                                                                                                              
7560001300037P 010563100000020064454 000028804401011     10 224245515320000000512202400000000003710000000 02A27112024105122024000000000000012000000000000000000000000000000000000000000000000000000                         1000   090000000000 
7560001300038Q 011000015257641879CARLOS ALEXANDRE RIBEIRINHO             AVENIDA DO GUACA ,                      LAUZANE PAULIST02435001      SAO PAULOSP0000000000000000                                        000                            
7560001300039R 01000000000000000000000000000000000000000000000000105122024000000000000742                                                                                                              0000000000000000 000000000000  0         
7560001300040S 013                                                                                                                                                                                                                              
75600015         00001000001000000000000343173000000000000000000000000000000000000000000000000000000000000000000000                                                                                                                             
75699999         000001000010000000                                                                                                                                                                                                             