75600000         219895217000135                    0563100000020064454 IWS CURSOS DE IDIOMAS LTDA    SICOOB                                  13010202411190800000108100000                                                                     
75600011R01  040 2019895217000135                    0563100000020064454 IWS CURSOS DE IDIOMAS LTDA                                                                                    000047963010202400000000                                 
7560001300001P 010563100000020064454 000028556101011     10 224435621410000000111202400000000003350000000 02A30102024101112024000000000000011000000000000000000000000000000000000000000000000000000                         1000   090000000000 
7560001300002Q 011000021976609852ANDERSON DOS SANTOS REGAZIO             RUA JOAQUIM GOMES DE CARVALHO ,59       JARDIM PORTO NO11667780  CARAGUATATUBASP0000000000000000                                        000                            
7560001300003R 01000000000000000000000000000000000000000000000000101112024000000000000670                                                                                                              0000000000000000 000000000000  0         
7560001300004S 013                                                                                                                                                                                                                              
7560001300005P 010563100000020064454 000028557901011     10 224434421400000000511202400000000002870000000 02A30102024105112024000000000000009000000000000000000000000000000000000000000000000000000                         1000   090000000000 
7560001300006Q 011000040723827877MARCEL DE FREITAS SANTOS                AVENIDA EMILIO RIBAS ,905               JARDIM TIJUCO  07020010      GUARULHOSSP0000000000000000                                        000                            
7560001300007R 01000000000000000000000000000000000000000000000000105112024000000000000574                                                                                                              0000000000000000 000000000000  0         
7560001300008S 013                                                                                                                                                                                                                              
75600015         00000200000200000000000062200000000000000000000000000000000000000000000000000000000000000000000000                                                                                                                             
75699999         000001000002000000                                                                                                                                                                                                             