75600000         219895217000135                    0563100000020064454 IWS CURSOS DE IDIOMAS LTDA    SICOOB                                  12108202413580000000108100000                                                                     
75600011R01  040 2019895217000135                    0563100000020064454 IWS CURSOS DE IDIOMAS LTDA                                                                                    000047042108202400000000                                 
7560001300001P 010563100000020064454 000027771701011     10 223904384000000000509202400000000002332000000 02A21082024105092024000000000000008000000000000000000000000000000000000000000000000000000                         1000   090000000000 
7560001300002Q 011000015257641879CARLOS ALEXANDRE RIBEIRINHO             AVENIDA DO GUACA ,859                   LAUZANE PAULIST02435001      SAO PAULOSP0000000000000000                                        000                            
7560001300003R 01000000000000000000000000000000000000000000000000105092024000000000000466                                                                                                              0000000000000000 000000000000  0         
7560001300004S 013                                                                                                                                                                                                                              
7560001300005P 010563100000020064454 000027772401011     10 224145469400000000509202400000000003815400000 02A21082024105092024000000000000013000000000000000000000000000000000000000000000000000000                         1000   090000000000 
7560001300006Q 011000036768656856CINTIA DEZASSO QUINI                    RUA ALMIRANTE MARQUES LEAO ,            BELA VISTA     01330010      SAO PAULOSP0000000000000000                                        000                            
7560001300007R 01000000000000000000000000000000000000000000000000105092024000000000000763                                                                                                              0000000000000000 000000000000  0         
7560001300008S 013                                                                                                                                                                                                                              
7560001300009P 010563100000020064454 000027773101011     10 224316114130000000509202400000000003088600000 02A21082024105092024000000000000010000000000000000000000000000000000000000000000000000000                         1000   090000000000 
7560001300010Q 011000010760816654LAURA CRISTINA LIMA DINIZ               RUA ANTONIO DE BONIS ,273               VILA BUTANTA   05360210      SAO PAULOSP0000000000000000                                        000                            
7560001300011R 01000000000000000000000000000000000000000000000000105092024000000000000618                                                                                                              0000000000000000 000000000000  0         
7560001300012S 013                                                                                                                                                                                                                              
7560001300013P 010563100000020064454 000027774901011     10 224245215320000000509202400000000003710000000 02A21082024105092024000000000000012000000000000000000000000000000000000000000000000000000                         1000   090000000000 
7560001300014Q 011000015257641879CARLOS ALEXANDRE RIBEIRINHO             AVENIDA DO GUACA ,                      LAUZANE PAULIST02435001      SAO PAULOSP0000000000000000                                        000                            
7560001300015R 01000000000000000000000000000000000000000000000000105092024000000000000742                                                                                                              0000000000000000 000000000000  0         
7560001300016S 013                                                                                                                                                                                                                              
75600015         00000400000400000000000129460000000000000000000000000000000000000000000000000000000000000000000000                                                                                                                             
75699999         000001000004000000                                                                                                                                                                                                             