75600000         219895217000135                    0563100000020064454 IWS CURSOS DE IDIOMAS LTDA    SICOOB                                  11811202412502800000108100000                                                                     
75600011R01  040 2019895217000135                    0563100000020064454 IWS CURSOS DE IDIOMAS LTDA                                                                                    000048141811202400000000                                 
7560001300001P 010563100000020064454 000028677801011     10 224376321080000003011202400000000002670000000 02A18112024130112024000000000000009000000000000000000000000000000000000000000000000000000                         1000   090000000000 
7560001300002Q 011000048444666823ALYSON VINICIUS FREITAS DOS SANTOS      RUA CATUIPE ,345                        CIDADE BRASIL  07052200      GUARULHOSSP0000000000000000                                        000                            
7560001300003R 01000000000000000000000000000000000000000000000000130112024000000000000534                                                                                                              0000000000000000 000000000000  0         
7560001300004S 013                                                                                                                                                                                                                              
7560001300005P 010563100000020064454 000028678501011     10 224261619500000003011202400000000002100000000 02A18112024130112024000000000000007000000000000000000000000000000000000000000000000000000                         1000   090000000000 
7560001300006Q 011000044237668843AMERICO RICARDO COUTINHO DIAS           RUA CABO JOAO TERUEL FREGONI ,307       PONTE GRANDE   07032000      GUARULHOSSP0000000000000000                                        000                            
7560001300007R 01000000000000000000000000000000000000000000000000130112024000000000000420                                                                                                              0000000000000000 000000000000  0         
7560001300008S 013                                                                                                                                                                                                                              
7560001300009P 010563100000020064454 000028679201011     10 223961918960000003011202400000000002544000000 02A18112024130112024000000000000008000000000000000000000000000000000000000000000000000000                         1000   090000000000 
7560001300010Q 011000013037278897NORMA SUELY COUTO SANTANA               AVENIDA BARTHOLOMEU DE CARLOS ,901      JARDIM FLOR DA 07097420      GUARULHOSSP0000000000000000                                        000                            
7560001300011R 01000000000000000000000000000000000000000000000000130112024000000000000509                                                                                                              0000000000000000 000000000000  0         
7560001300012S 013                                                                                                                                                                                                                              
7560001300013P 010563100000020064454 000028680001011     10 223956319740000002511202400000000001800000000 02A18112024125112024000000000000006000000000000000000000000000000000000000000000000000000                         1000   090000000000 
7560001300014Q 011000028682214830MARCIA SILVA BONFIM DE SOUZA            RUA ITAVERAVA ,201                      CAMARGOS       07111040      GUARULHOSSP0000000000000000                                        000                            
7560001300015R 01000000000000000000000000000000000000000000000000125112024000000000000360                                                                                                              0000000000000000 000000000000  0         
7560001300016S 013                                                                                                                                                                                                                              
7560001300017P 010563100000020064454 000028681801011     10 224375121070000003011202400000000002300000000 02A18112024130112024000000000000008000000000000000000000000000000000000000000000000000000                         1000   090000000000 
7560001300018Q 011000022943219878CINTIA REGINA DE FREITAS                ESTRADA DO SABAO ,1018                  JARDIM DORALY  07075270      GUARULHOSSP0000000000000000                                        000                            
7560001300019R 01000000000000000000000000000000000000000000000000130112024000000000000460                                                                                                              0000000000000000 000000000000  0         
7560001300020S 013                                                                                                                                                                                                                              
7560001300021P 010563100000020064454 000028682501011     10 224266472000000002511202400000000003955100000 02A18112024125112024000000000000013000000000000000000000000000000000000000000000000000000                         1000   090000000000 
7560001300022Q 011000033774740801BRUNA BRITO DE MIRANDA                  RUA MOURAD ,53                          VILA RIO DE JAN07124011      GUARULHOSSP0000000000000000                                        000                            
7560001300023R 01000000000000000000000000000000000000000000000000125112024000000000000791                                                                                                              0000000000000000 000000000000  0         
7560001300024S 013                                                                                                                                                                                                                              
7560001300025P 010563100000020064454 000028683201011     10 224270019490000003011202400000000002100000000 02A18112024130112024000000000000007000000000000000000000000000000000000000000000000000000                         1000   090000000000 
7560001300026Q 011000045242750880CAMILA CARVALHO BARBOSA NEVES DIAS      RUA CABO JOAO TERUEL FREGONI ,307       PONTE GRANDE   07032000      GUARULHOSSP0000000000000000                                        000                            
7560001300027R 01000000000000000000000000000000000000000000000000130112024000000000000420                                                                                                              0000000000000000 000000000000  0         
7560001300028S 013                                                                                                                                                                                                                              
7560001300029P 010563100000020064454 000028684001011     10 224064270000000003011202400000000003370800000 02A18112024130112024000000000000011000000000000000000000000000000000000000000000000000000                         1000   090000000000 
7560001300030Q 011000021472802837DAYANE FEITOSA LIMA                     AVENIDA PRESIDENTE TANCREDO DE ALMEI,669MACEDO         07112070      GUARULHOSSP0000000000000000                                        000                            
7560001300031R 01000000000000000000000000000000000000000000000000130112024000000000000674                                                                                                              0000000000000000 000000000000  0         
7560001300032S 013                                                                                                                                                                                                                              
7560001300033P 010563100000020064454 000028685701011     10 223910514300000003011202400000000003850300000 02A18112024130112024000000000000013000000000000000000000000000000000000000000000000000000                         1000   090000000000 
7560001300034Q 011000041922650870DEBORA SIQUEIRA DA SILVA                RUA MATAHICHI MORIKYO ,150              JARDIM TOSCANA 07121350      GUARULHOSSP0000000000000000                                        000                            
7560001300035R 01000000000000000000000000000000000000000000000000130112024000000000000770                                                                                                              0000000000000000 000000000000  0         
7560001300036S 013                                                                                                                                                                                                                              
7560001300037P 010563100000020064454 000028686401011     10 224187994200000002511202400000000006500000000 02A18112024125112024000000000000021000000000000000000000000000000000000000000000000000000                         1000   090000000000 
7560001300038Q 011000015450028865ELISABETE JOIA MINELLI CAMPOS           RUA CABO JOAO TERUEL FREGONI ,307       PONTE GRANDE   07032000      GUARULHOSSP0000000000000000                                        000                            
7560001300039R 01000000000000000000000000000000000000000000000000125112024000000000001300                                                                                                              0000000000000000 000000000000  0         
7560001300040S 013                                                                                                                                                                                                                              
7560001300041P 010563100000020064454 000028687101011     10 224398118030000002511202400000000008359600000 02A18112024125112024000000000000028000000000000000000000000000000000000000000000000000000                         1000   090000000000 
7560001300042Q 011000035707793860FRANCINE RAMONEDA NUNES DOS SANTOS      RUA CHIARA LUBICH ,371                  JARDIM ERMIDA I13212117        JUNDIAISP0000000000000000                                        000                            
7560001300043R 01000000000000000000000000000000000000000000000000125112024000000000001672                                                                                                              0000000000000000 000000000000  0         
7560001300044S 013                                                                                                                                                                                                                              
7560001300045P 010563100000020064454 000028688901011     10 224377921090000003011202400000000002300000000 02A18112024130112024000000000000008000000000000000000000000000000000000000000000000000000                         1000   090000000000 
7560001300046Q 011000029447536816JANAINE CIRILA SILVA                    RUA MARIA ZINTL ,297                    COCAIA         07121390      GUARULHOSSP0000000000000000                                        000                            
7560001300047R 01000000000000000000000000000000000000000000000000130112024000000000000460                                                                                                              0000000000000000 000000000000  0         
7560001300048S 013                                                                                                                                                                                                                              
7560001300049P 010563100000020064454 000028689601011     10 223917718130000002511202400000000001898500000 02A18112024125112024000000000000006000000000000000000000000000000000000000000000000000000                         1000   090000000000 
7560001300050Q 011000028682214830MARCIA SILVA BONFIM DE SOUZA            RUA ITAVERAVA ,201                      CAMARGOS       07111040      GUARULHOSSP0000000000000000                                        000                            
7560001300051R 01000000000000000000000000000000000000000000000000125112024000000000000380                                                                                                              0000000000000000 000000000000  0         
7560001300052S 013                                                                                                                                                                                                                              
7560001300053P 010563100000020064454 000028690401011     10 224301720740000003011202400000000007040000000 02A18112024130112024000000000000023000000000000000000000000000000000000000000000000000000                         1000   090000000000 
7560001300054Q 011000022974269842GRACIELLE DE SOUSA ANDRADE              AVENIDA TIRADENTES ,00                  JARDIM GUARULHO07090000      GUARULHOSSP0000000000000000                                        000                            
7560001300055R 01000000000000000000000000000000000000000000000000130112024000000000001408                                                                                                              0000000000000000 000000000000  0         
7560001300056S 013                                                                                                                                                                                                                              
7560001300057P 010563100000020064454 000028691101011     10 223881712500000002511202400000000004081000000 02A18112024125112024000000000000013000000000000000000000000000000000000000000000000000000                         1000   090000000000 
7560001300058Q 011000042566921857GUSTAVO SALES SANCHES                   RUA LEON DINIZ ,146                     JARDIM TRANQUIL07054070      GUARULHOSSP0000000000000000                                        000                            
7560001300059R 01000000000000000000000000000000000000000000000000125112024000000000000816                                                                                                              0000000000000000 000000000000  0         
7560001300060S 013                                                                                                                                                                                                                              
7560001300061P 010563100000020064454 000028692901011     10 223995516110000002511202400000000002320300000 02A18112024125112024000000000000008000000000000000000000000000000000000000000000000000000                         1000   090000000000 
7560001300062Q 011000016059959830SILVANA FERREIRA DAMACENA               RUA MARIO LUIZ MACCA ,309               JARDIM PONTE AL07179130      GUARULHOSSP0000000000000000                                        000                            
7560001300063R 01000000000000000000000000000000000000000000000000125112024000000000000464                                                                                                              0000000000000000 000000000000  0         
7560001300064S 013                                                                                                                                                                                                                              
7560001300065P 010563100000020064454 000028693601011     10 224385421140000003011202400000000002870000000 02A18112024130112024000000000000009000000000000000000000000000000000000000000000000000000                         1000   090000000000 
7560001300066Q 011000031906088810JEZABEL ROSA MORAES HOLANDA             TRAVESSA SAO FIDELIS ,140               VILA ROSALIA   07064032      GUARULHOSSP0000000000000000                                        000                            
7560001300067R 01000000000000000000000000000000000000000000000000130112024000000000000574                                                                                                              0000000000000000 000000000000  0         
7560001300068S 013                                                                                                                                                                                                                              
7560001300069P 010563100000020064454 000028694301011     10 223926195000000002511202400000000002425300000 02A18112024125112024000000000000008000000000000000000000000000000000000000000000000000000                         1000   090000000000 
7560001300070Q 011000009304309808JOAO GABRIEL ZUANETTI                   RUA DOM JOAO ,86                        JARDIM TEREZOPO07082073     ADAMANTINASP0000000000000000                                        000                            
7560001300071R 01000000000000000000000000000000000000000000000000125112024000000000000485                                                                                                              0000000000000000 000000000000  0         
7560001300072S 013                                                                                                                                                                                                                              
7560001300073P 010563100000020064454 000028695001011     10 223884118380000003011202400000000003500000000 02A18112024130112024000000000000012000000000000000000000000000000000000000000000000000000                         1000   090000000000 
7560001300074Q 011000042637520582JOSE LUCIANO TRANZILLO DOS SANTOS       RUA CABO JOAO TERUEL FREGONI ,307       PONTE GRANDE   07032000      GUARULHOSSP0000000000000000                                        000                            
7560001300075R 01000000000000000000000000000000000000000000000000130112024000000000000700                                                                                                              0000000000000000 000000000000  0         
7560001300076S 013                                                                                                                                                                                                                              
7560001300077P 010563100000020064454 000028696801011     10 224384121130000003011202400000000003870000000 02A18112024130112024000000000000013000000000000000000000000000000000000000000000000000000                         1000   090000000000 
7560001300078Q 011000042656568897LAYANA BRITO LIMA                       RUA ERNESTO DE CASTRO ,139              BRAS           03042010      SAO PAULOSP0000000000000000                                        000                            
7560001300079R 01000000000000000000000000000000000000000000000000130112024000000000000774                                                                                                              0000000000000000 000000000000  0         
7560001300080S 013                                                                                                                                                                                                                              
7560001300081P 010563100000020064454 000028697501011     10 224297220720000003011202400000000003432000000 02A18112024130112024000000000000011000000000000000000000000000000000000000000000000000000                         1000   090000000000 
7560001300082Q 011000010402298918LUIGI SILVA FILIPPETTO                  RUA BELA CINTRA ,1450                   CONSOLACAO     01415004      SAO PAULOSP0000000000000000                                        000                            
7560001300083R 01000000000000000000000000000000000000000000000000130112024000000000000686                                                                                                              0000000000000000 000000000000  0         
7560001300084S 013                                                                                                                                                                                                                              
7560001300085P 010563100000020064454 000028698201011     10 224357714480000003011202400000000002120000000 02A18112024130112024000000000000007000000000000000000000000000000000000000000000000000000                         1000   090000000000 
7560001300086Q 011000096218444600PATRICIA ALEXANDRINA DA SILVA MORAIS    RUA PRESIDENTE CASTELO BRANCO  ,137     CENTRO         37240000     LUMINARIASMG0000000000000000                                        000                            
7560001300087R 01000000000000000000000000000000000000000000000000130112024000000000000424                                                                                                              0000000000000000 000000000000  0         
7560001300088S 013                                                                                                                                                                                                                              
7560001300089P 010563100000020064454 000028699001011     10 224458021530000003011202400000000002470000000 02A18112024130112024000000000000008000000000000000000000000000000000000000000000000000000                         1000   090000000000 
7560001300090Q 011000064095061804MARIA CARNEIRO DE ANDRADE               RUA TERCEIRO-SARGENTO-AERONAUTICA F,80  JARDIM SANTA ME07096240      GUARULHOSSP0000000000000000                                        000                            
7560001300091R 01000000000000000000000000000000000000000000000000130112024000000000000494                                                                                                              0000000000000000 000000000000  0         
7560001300092S 013                                                                                                                                                                                                                              
7560001300093P 010563100000020064454 000028700301011     10 223941712580000002511202400000000004081000000 02A18112024125112024000000000000013000000000000000000000000000000000000000000000000000000                         1000   090000000000 
7560001300094Q 011000044218123829NATHALIA VIRGINIA GOMES                 RUA FERNANDO LUZ ,290                   AGUA CHATA     07251365      GUARULHOSSP0000000000000000                                        000                            
7560001300095R 01000000000000000000000000000000000000000000000000125112024000000000000816                                                                                                              0000000000000000 000000000000  0         
7560001300096S 013                                                                                                                                                                                                                              
7560001300097P 010563100000020064454 000028701001011     10 224085819050000002511202400000000001908000000 02A18112024125112024000000000000006000000000000000000000000000000000000000000000000000000                         1000   090000000000 
7560001300098Q 011000027567853850CRISTIANE DORNAS PANHOTTA ARAUJO        RUA JOAO ARTONI ,170                    JARDIM TESTAE  07130510      GUARULHOSSP0000000000000000                                        000                            
7560001300099R 01000000000000000000000000000000000000000000000000125112024000000000000382                                                                                                              0000000000000000 000000000000  0         
7560001300100S 013                                                                                                                                                                                                                              
7560001300101P 010563100000020064454 000028702801011     10 224418019050000002511202400000000000500000000 02A18112024125112024000000000000002000000000000000000000000000000000000000000000000000000                         1000   090000000000 
7560001300102Q 011000027567853850CRISTIANE DORNAS PANHOTTA ARAUJO        RUA JOAO ARTONI ,170                    JARDIM TESTAE  07130510      GUARULHOSSP0000000000000000                                        000                            
7560001300103R 01000000000000000000000000000000000000000000000000125112024000000000000100                                                                                                              0000000000000000 000000000000  0         
7560001300104S 013                                                                                                                                                                                                                              
7560001300105P 010563100000020064454 000028703501011     10 224296020710000003011202400000000003432000000 02A18112024130112024000000000000011000000000000000000000000000000000000000000000000000000                         1000   090000000000 
7560001300106Q 011000005628080942RAPHAELA FILIPPETTO                     AVENIDA DOUTOR CARDOSO DE MELO ,841     VILA OLIMPIA   04548003      SAO PAULOSP0000000000000000                                        000                            
7560001300107R 01000000000000000000000000000000000000000000000000130112024000000000000686                                                                                                              0000000000000000 000000000000  0         
7560001300108S 013                                                                                                                                                                                                                              
7560001300109P 010563100000020064454 000028704201011     10 224461821540000001911202400000000003350000000 02A18112024119112024000000000000011000000000000000000000000000000000000000000000000000000                         1000   090000000000 
7560001300110Q 011000047770715881REBECA LOPES GOMES                      RUA HENRIQUE LUZ ,300                   EMBURA         04893017      SAO PAULOSP0000000000000000                                        000                            
7560001300111R 01000000000000000000000000000000000000000000000000119112024000000000000670                                                                                                              0000000000000000 000000000000  0         
7560001300112S 013                                                                                                                                                                                                                              
7560001300113P 010563100000020064454 000028705001011     10 223945312590000002511202400000000003710000000 02A18112024125112024000000000000012000000000000000000000000000000000000000000000000000000                         1000   090000000000 
7560001300114Q 011000041028268823RODRIGO SANTIEGO DA SILVA               RUA FERNANDO LUZ ,290                   AGUA CHATA     07251365      GUARULHOSSP0000000000000000                                        000                            
7560001300115R 01000000000000000000000000000000000000000000000000125112024000000000000742                                                                                                              0000000000000000 000000000000  0         
7560001300116S 013                                                                                                                                                                                                                              
7560001300117P 010563100000020064454 000028706701011     10 224225720520000002511202400000000001500000000 02A18112024125112024000000000000005000000000000000000000000000000000000000000000000000000                         1000   090000000000 
7560001300118Q 011000051428027807SOPHIA REIS MAIA                        RUA VALE DO CARIRI ,400                 VILA NOVA MAZZE02317060      SAO PAULOSP0000000000000000                                        000                            
7560001300119R 01000000000000000000000000000000000000000000000000125112024000000000000300                                                                                                              0000000000000000 000000000000  0         
7560001300120S 013                                                                                                                                                                                                                              
7560001300121P 010563100000020064454 000028707401011     10 223947754200000003011202400000000003850300000 02A18112024130112024000000000000013000000000000000000000000000000000000000000000000000000                         1000   090000000000 
7560001300122Q 011000018743687830TANIA CORREA DA SILVA                   RUA IPIOBUNA ,207                       JARDIM CUMBICA 07240040      GUARULHOSSP0000000000000000                                        000                            
7560001300123R 01000000000000000000000000000000000000000000000000130112024000000000000770                                                                                                              0000000000000000 000000000000  0         
7560001300124S 013                                                                                                                                                                                                                              
75600015         00003100003100000000001002082000000000000000000000000000000000000000000000000000000000000000000000                                                                                                                             
75699999         000001000031000000                                                                                                                                                                                                             