75600000         219895217000135                    0563100000020064454 IWS CURSOS DE IDIOMAS LTDA    SICOOB                                  13101202513041300000108100000                                                                     
75600011R01  040 2019895217000135                    0563100000020064454 IWS CURSOS DE IDIOMAS LTDA                                                                                    000048823101202500000000                                 
7560001300001P 010563100000020064454 000029463001011     10 224627419880000000502202500000000004176400000 02A31012025105022025000000000000014000000000000000000000000000000000000000000000000000000                         1000   090000000000 
7560001300002Q 011000039743835814HUDSON CARDOSO DE OLIVEIRA              RUA BEGONIA ,126                        VILLA VERDE    07813010FRANCO DA ROCHASP0000000000000000                                        000                            
7560001300003R 01000000000000000000000000000000000000000000000000105022025000000000000835                                                                                                              0000000000000000 000000000000  0         
7560001300004S 013                                                                                                                                                                                                                              
75600015         00000100000100000000000041764000000000000000000000000000000000000000000000000000000000000000000000                                                                                                                             
75699999         000001000001000000                                                                                                                                                                                                             