75600000         219895217000135                    0563100000020064454 IWS CURSOS DE IDIOMAS LTDA    SICOOB                                  10306202412134000000108100000                                                                     
75600011R01  040 2019895217000135                    0563100000020064454 IWS CURSOS DE IDIOMAS LTDA                                                                                    000045850306202400000000                                 
7560001300001P 010563100000020064454 000026928401011     10 224142715150000001506202400000000004770000000 02A03062024115062024000000000000016000000000000000000000000000000000000000000000000000000                         1000   090000000000 
7560001300002Q 011000071010386972CARLOS EDUARDO TONELLI COBO             ALAMEDA TERRAZUL ,417                   TERRAS DE SAO C13216774        JUNDIAISP0000000000000000                                        000                            
7560001300003R 01000000000000000000000000000000000000000000000000115062024000000000000954                                                                                                              0000000000000000 000000000000  0         
7560001300004S 013                                                                                                                                                                                                                              
7560001300005P 010563100000020064454 000026929101011     10 223975813100000001506202400000000001471100000 02A03062024115062024000000000000005000000000000000000000000000000000000000000000000000000                         1000   090000000000 
7560001300006Q 011000004099091902DANIEL FELIPE FILACHOWSKI               RUA CASSIO MEDEIROS ,                   VORSTADT       89015480       BLUMENAUSC0000000000000000                                        000                            
7560001300007R 01000000000000000000000000000000000000000000000000115062024000000000000294                                                                                                              0000000000000000 000000000000  0         
7560001300008S 013                                                                                                                                                                                                                              
7560001300009P 010563100000020064454 000026930001011     10 224248813100000001506202400000000000750000000 02A03062024115062024000000000000002000000000000000000000000000000000000000000000000000000                         1000   090000000000 
7560001300010Q 011000004099091902DANIEL FELIPE FILACHOWSKI               RUA CASSIO MEDEIROS ,                   VORSTADT       89015480       BLUMENAUSC0000000000000000                                        000                            
7560001300011R 01000000000000000000000000000000000000000000000000115062024000000000000150                                                                                                              0000000000000000 000000000000  0         
7560001300012S 013                                                                                                                                                                                                                              
7560001300013P 010563100000020064454 000026931701011     10 224057719960000001506202400000000000600000000 02A03062024115062024000000000000002000000000000000000000000000000000000000000000000000000                         1000   090000000000 
7560001300014Q 011000007704856693DELUMA AGUILAR HORTA                    RUA TAPIRA ,1215                        RENASCENCA     31130550 BELO HORIZONTEMG0000000000000000                                        000                            
7560001300015R 01000000000000000000000000000000000000000000000000115062024000000000000120                                                                                                              0000000000000000 000000000000  0         
7560001300016S 013                                                                                                                                                                                                                              
7560001300017P 010563100000020064454 000026932401011     10 223848717900000001506202400000000000800000000 02A03062024115062024000000000000003000000000000000000000000000000000000000000000000000000                         1000   090000000000 
7560001300018Q 011000028751297833EMANOEL AGRIPINO PADUA                 AVENIDA GENERAL TEIXEIRA LOTT ,263      JARDIM TUCUNDUV06317340    CARAPICUIBASP0000000000000000                                        000                            
7560001300019R 01000000000000000000000000000000000000000000000000115062024000000000000160                                                                                                              0000000000000000 000000000000  0         
7560001300020S 013                                                                                                                                                                                                                              
7560001300021P 010563100000020064454 000026933101011     10 224187017900000001506202400000000000500000000 02A03062024115062024000000000000002000000000000000000000000000000000000000000000000000000                         1000   090000000000 
7560001300022Q 011000028751297833EMANOEL AGRIPINO PADUA                 AVENIDA GENERAL TEIXEIRA LOTT ,263      JARDIM TUCUNDUV06317340    CARAPICUIBASP0000000000000000                                        000                            
7560001300023R 01000000000000000000000000000000000000000000000000115062024000000000000100                                                                                                              0000000000000000 000000000000  0         
7560001300024S 013                                                                                                                                                                                                                              
7560001300025P 010563100000020064454 000026934901011     10 223992629900000001506202400000000001471100000 02A03062024115062024000000000000005000000000000000000000000000000000000000000000000000000                         1000   090000000000 
7560001300026Q 011000009158540903GUILHERME BARBOSA MENDES                RUA JOHANNES RODL ,                     ITOUPAVA NORTE 89053570       BLUMENAUSC0000000000000000                                        000                            
7560001300027R 01000000000000000000000000000000000000000000000000115062024000000000000294                                                                                                              0000000000000000 000000000000  0         
7560001300028S 013                                                                                                                                                                                                                              
7560001300029P 010563100000020064454 000026935601011     10 224248929900000001506202400000000000750000000 02A03062024115062024000000000000002000000000000000000000000000000000000000000000000000000                         1000   090000000000 
7560001300030Q 011000009158540903GUILHERME BARBOSA MENDES                RUA JOHANNES RODL ,                     ITOUPAVA NORTE 89053570       BLUMENAUSC0000000000000000                                        000                            
7560001300031R 01000000000000000000000000000000000000000000000000115062024000000000000150                                                                                                              0000000000000000 000000000000  0         
7560001300032S 013                                                                                                                                                                                                                              
7560001300033P 010563100000020064454 000026936301011     10 224079310090000001506202400000000000741600000 02A03062024115062024000000000000002000000000000000000000000000000000000000000000000000000                         1000   090000000000 
7560001300034Q 011000001652584625JOSE ARGENTINO DE OLIVEIRA NETO         RUA MONTESE ,DE 651/652                 SANTA BRANCA   31565150 BELO HORIZONTEMG0000000000000000                                        000                            
7560001300035R 01000000000000000000000000000000000000000000000000115062024000000000000148                                                                                                              0000000000000000 000000000000  0         
7560001300036S 013                                                                                                                                                                                                                              
7560001300037P 010563100000020064454 000026937001011     10 224109120070000001506202400000000000600000000 02A03062024115062024000000000000002000000000000000000000000000000000000000000000000000000                         1000   090000000000 
7560001300038Q 011000006158174670JOYCE ROBERTA LOPES DIAS                RUA BELMIRO BRAGA ,1145                 CAICARAS       30770550 BELO HORIZONTEMG0000000000000000                                        000                            
7560001300039R 01000000000000000000000000000000000000000000000000115062024000000000000120                                                                                                              0000000000000000 000000000000  0         
7560001300040S 013                                                                                                                                                                                                                              
7560001300041P 010563100000020064454 000026938801011     10 224209819230000001506202400000000002623500000 02A03062024115062024000000000000009000000000000000000000000000000000000000000000000000000                         1000   090000000000 
7560001300042Q 011000039856088810LUCAS DE PAULA OLTREMARI                RUA ALFREDO PUJOL ,1122                 SANTANA        02017002      SAO PAULOSP0000000000000000                                        000                            
7560001300043R 01000000000000000000000000000000000000000000000000115062024000000000000525                                                                                                              0000000000000000 000000000000  0         
7560001300044S 013                                                                                                                                                                                                                              
7560001300045P 010563100000020064454 000026939501011     10 223772519270000001506202400000000001360000000 02A03062024115062024000000000000004000000000000000000000000000000000000000000000000000000                         1000   090000000000 
7560001300046Q 011000045199143883MARCO AURELIO RODRIGUES ARRUDA          RUA VALDOMIRO GONZAGA SILVA ,715        JARDIM DAS OLIV08111540      SAO PAULOSP0000000000000000                                        000                            
7560001300047R 01000000000000000000000000000000000000000000000000115062024000000000000272                                                                                                              0000000000000000 000000000000  0         
7560001300048S 013                                                                                                                                                                                                                              
7560001300049P 010563100000020064454 000026940301011     10 224009418530000001506202400000000000962800000 02A03062024115062024000000000000003000000000000000000000000000000000000000000000000000000                         1000   090000000000 
7560001300050Q 011000009526613490MARIA EMILIA DE SOUZA SILVA             RUA GASTAO VIDIGAL ,1021                VARZEA         50980360         RECIFEPE0000000000000000                                        000                            
7560001300051R 01000000000000000000000000000000000000000000000000115062024000000000000193                                                                                                              0000000000000000 000000000000  0         
7560001300052S 013                                                                                                                                                                                                                              
7560001300053P 010563100000020064454 000026941001011     10 224013018540000001506202400000000000962800000 02A03062024115062024000000000000003000000000000000000000000000000000000000000000000000000                         1000   090000000000 
7560001300054Q 011000002688745492MARTA MIKAELLE TORRES                   RUA ANTONIO CURADO ,307                 ENGENHO DO MEIO50730180         RECIFEPE0000000000000000                                        000                            
7560001300055R 01000000000000000000000000000000000000000000000000115062024000000000000193                                                                                                              0000000000000000 000000000000  0         
7560001300056S 013                                                                                                                                                                                                                              
7560001300057P 010563100000020064454 000026942801011     10 224014239100000001506202400000000001471200000 02A03062024115062024000000000000005000000000000000000000000000000000000000000000000000000                         1000   090000000000 
7560001300058Q 011000032679656830MAURO AUGUSTO LINO DE ARAUJO            RAU A ,                                 RESIDENCIAL PAR07174330      GUARULHOSSP0000000000000000                                        000                            
7560001300059R 01000000000000000000000000000000000000000000000000115062024000000000000294                                                                                                              0000000000000000 000000000000  0         
7560001300060S 013                                                                                                                                                                                                                              
7560001300061P 010563100000020064454 000026943501011     10 224193920440000001506202400000000000600000000 02A03062024115062024000000000000002000000000000000000000000000000000000000000000000000000                         1000   090000000000 
7560001300062Q 011000043289016803MICHELE DA PAZ ALVES                    RUA ALMADA ,94                          JARDIM SANTO AL09260420    SANTO ANDRESP0000000000000000                                        000                            
7560001300063R 01000000000000000000000000000000000000000000000000115062024000000000000120                                                                                                              0000000000000000 000000000000  0         
7560001300064S 013                                                                                                                                                                                                                              
7560001300065P 010563100000020064454 000026944201011     10 224195020440000001506202400000000000500000000 02A03062024115062024000000000000002000000000000000000000000000000000000000000000000000000                         1000   090000000000 
7560001300066Q 011000043289016803MICHELE DA PAZ ALVES                    RUA ALMADA ,94                          JARDIM SANTO AL09260420    SANTO ANDRESP0000000000000000                                        000                            
7560001300067R 01000000000000000000000000000000000000000000000000115062024000000000000100                                                                                                              0000000000000000 000000000000  0         
7560001300068S 013                                                                                                                                                                                                                              
7560001300069P 010563100000020064454 000026945001011     10 223940012990000001506202400000000004500000000 02A03062024115062024000000000000015000000000000000000000000000000000000000000000000000000                         1000   090000000000 
7560001300070Q 011000028789640802MONALIZA MARIA ALVES                    AVENIDA ITALO BRASILEIRO PIVA ,         PICANCO        07080020      GUARULHOSSP0000000000000000                                        000                            
7560001300071R 01000000000000000000000000000000000000000000000000115062024000000000000900                                                                                                              0000000000000000 000000000000  0         
7560001300072S 013                                                                                                                                                                                                                              
75600015         00001800001800000000000254341000000000000000000000000000000000000000000000000000000000000000000000                                                                                                                             
75699999         000001000018000000                                                                                                                                                                                                             