75600000         219895217000135                    0563100000020064454 IWS CURSOS DE IDIOMAS LTDA    SICOOB                                  13009202413221100000108100000                                                                     
75600011R01  040 2019895217000135                    0563100000020064454 IWS CURSOS DE IDIOMAS LTDA                                                                                    000047573009202400000000                                 
7560001300001P 010563100000020064454 000028225801011     10 224417715590000003110202400000000000700000000 02A30092024131102024000000000000002000000000000000000000000000000000000000000000000000000                         1000   090000000000 
7560001300002Q 011000003251742965JONAS ROBERTO KOEHLER                   RUA PEDRO ANDRE REINERT ,297            TRIBESS        89057410       BLUMENAUSC0000000000000000                                        000                            
7560001300003R 01000000000000000000000000000000000000000000000000131102024000000000000140                                                                                                              0000000000000000 000000000000  0         
7560001300004S 013                                                                                                                                                                                                                              
75600015         00000100000100000000000007000000000000000000000000000000000000000000000000000000000000000000000000                                                                                                                             
75699999         000001000001000000                                                                                                                                                                                                             