75600000         219895217000135                    0563100000020087306 IWS CURSOS DE IDIOMAS LTDA    SICOOB                                  12010202006571400000108100000                                                                     
75600011R01  040 2019895217000135                    0563100000020087306 IWS CURSOS DE IDIOMAS LTDA                                                                                    000016872010202000000000                                 
7560001300001P 010563100000020087306 000010407601011     10 221585013530000002010202000000000002640000000 02A20102020120102020000000000000009000000000000000000000000000000000000000000000000000000                         1000   090000000000 
7560001300002Q 011000046985914810CAROLINE FERNANDA VIVEIROS POMPEO       RUA ABA­LIO RAMOS ,219                 MACEDO         07113090      GUARULHOSSP0000000000000000                                        000                            
7560001300003R 01000000000000000000000000000000000000000000000000120102020000000000000528                                                                                                              0000000000000000 000000000000  0         
7560001300004S 013                                                                                                                                                                                                                              
7560001300005P 010563100000020087306 000010408301011     10 221436012640000002010202000000000002640000000 02A20102020120102020000000000000009000000000000000000000000000000000000000000000000000000                         1000   090000000000 
7560001300006Q 011000035342997879DANIELLE LEONARDO PEREIRA               RUA DONA MARIA QUITA©RIA ,67           JARDIM VILA GAL07054180      GUARULHOSSP0000000000000000                                        000                            
7560001300007R 01000000000000000000000000000000000000000000000000120102020000000000000528                                                                                                              0000000000000000 000000000000  0         
7560001300008S 013                                                                                                                                                                                                                              
75600015         00000200000200000000000052800000000000000000000000000000000000000000000000000000000000000000000000                                                                                                                             
75699999         000001000002000000                                                                                                                                                                                                             