75600000         229492820000120                    0563100000020087306 ANEXA IDIOMAS LTDA            SICOOB                                  10108202415031800000108100000                                                                     
75600011R01  040 2029492820000120                    0563100000020087306 ANEXA IDIOMAS LTDA                                                                                            000046750108202400000000                                 
7560001300001P 010563100000020087306 000027616701011     10 224059290000000002008202400000000025011700000 02A01082024120082024000000000000083000000000000000000000000000000000000000000000000000000                         1000   090000000000 
7560001300002Q 012060687639000119PLURY QUIMICAS                          RUA SERRA DA BORBOREMA ,270             CAMPANARIO     09930580        DIADEMASP0000000000000000                                        000                            
7560001300003R 01000000000000000000000000000000000000000000000000120082024000000000005002                                                                                                              0000000000000000 000000000000  0         
7560001300004S 013                                                                                                                                                                                                                              
75600015         00000100000100000000000250117000000000000000000000000000000000000000000000000000000000000000000000                                                                                                                             
75699999         000001000001000000                                                                                                                                                                                                             