75600000         219895217000135                    0563100000020064454 IWS CURSOS DE IDIOMAS LTDA    SICOOB                                  10209202417240300000108100000                                                                     
75600011R01  040 2019895217000135                    0563100000020064454 IWS CURSOS DE IDIOMAS LTDA                                                                                    000047250209202400000000                                 
7560001300001P 010563100000020064454 000027954501011     10 224134840000000001509202400000000021800000000 02A02092024115092024000000000000072000000000000000000000000000000000000000000000000000000                         1000   090000000000 
7560001300002Q 012010911237000269MIMAKI RECIFE                           AVENIDA DEZESSETE DE AGOSTO ,656        PARNAMIRIM     52060590         RECIFEPE0000000000000000                                        000                            
7560001300003R 01000000000000000000000000000000000000000000000000115092024000000000004360                                                                                                              0000000000000000 000000000000  0         
7560001300004S 013                                                                                                                                                                                                                              
7560001300005P 010563100000020064454 000027955201011     10 224136030000000001509202400000000032700000000 02A02092024115092024000000000000108000000000000000000000000000000000000000000000000000000                         1000   090000000000 
7560001300006Q 012010911237000340MIMAKI BLUMENAL                         RUA DOUTOR PEDRO ZIMMERMANN ,4490       ITOUPAVA CENTRA89068000       BLUMENAUSC0000000000000000                                        000                            
7560001300007R 01000000000000000000000000000000000000000000000000115092024000000000006540                                                                                                              0000000000000000 000000000000  0         
7560001300008S 013                                                                                                                                                                                                                              
7560001300009P 010563100000020064454 000027956001011     10 224137210000000001509202400000000043600000000 02A02092024115092024000000000000144000000000000000000000000000000000000000000000000000000                         1000   090000000000 
7560001300010Q 012010911237000188MIMAKI SAO PAULO                        AVENIDA DOUTOR LUIS ROCHA MIRANDA ,177  JABAQUARA      04344010      SAO PAULOSP0000000000000000                                        000                            
7560001300011R 01000000000000000000000000000000000000000000000000115092024000000000008720                                                                                                              0000000000000000 000000000000  0         
7560001300012S 013                                                                                                                                                                                                                              
7560001300013P 010563100000020064454 000027957701011     10 224138416000000001509202400000000010900000000 02A02092024115092024000000000000036000000000000000000000000000000000000000000000000000000                         1000   090000000000 
7560001300014Q 012010911237000420MIMAKI BH                               RUA SANTA CATARINA ,1032                LOURDES        30170084 BELO HORIZONTEMG0000000000000000                                        000                            
7560001300015R 01000000000000000000000000000000000000000000000000115092024000000000002180                                                                                                              0000000000000000 000000000000  0         
7560001300016S 013                                                                                                                                                                                                                              
7560001300017P 010563100000020064454 000027958401011     10 224303024000000000909202400000000018523500000 02A02092024109092024000000000000061000000000000000000000000000000000000000000000000000000                         1000   090000000000 
7560001300018Q 012062430194000112BRASPAR                                 RUA QUELUZ ,242                         CIDADE INDUSTRI07220050      GUARULHOSSP0000000000000000                                        000                            
7560001300019R 01000000000000000000000000000000000000000000000000109092024000000000003705                                                                                                              0000000000000000 000000000000  0         
7560001300020S 013                                                                                                                                                                                                                              
7560001300021P 010563100000020064454 000027959101011     10 224351921000000001009202400000000042585500000 02A02092024110092024000000000000141000000000000000000000000000000000000000000000000000000                         1000   090000000000 
7560001300022Q 012004731867000178INNOVAPACK                              RUA IGUACU ,301                         VILA FLORINDO  08574080ITAQUAQUECETUBASP0000000000000000                                        000                            
7560001300023R 01000000000000000000000000000000000000000000000000110092024000000000008517                                                                                                              0000000000000000 000000000000  0         
7560001300024S 013                                                                                                                                                                                                                              
75600015         00000600000600000000001701090000000000000000000000000000000000000000000000000000000000000000000000                                                                                                                             
75699999         000001000006000000                                                                                                                                                                                                             