75600000         219895217000135                    0563100000020064454 IWS CURSOS DE IDIOMAS LTDA    SICOOB                                  10706202112463100000108100000                                                                     
75600011R01  040 2019895217000135                    0563100000020064454 IWS CURSOS DE IDIOMAS LTDA                                                                                    000025020706202100000000                                 
7560001300001P 010563100000020064454 000013818401011     10 222431499900000000706202100000000000050000000 02A07062021107062021000000000000000000000000000000000000000000000000000000000000000000000                         1000   090000000000 
7560001300002Q 011000033390590803MICHEL FERNANDES RAMOS                  RUA CASEMIRO DIAS ,297                  VILA NOVA      19010280PRESIDENTE PRUDSP0000000000000000                                        000                            
7560001300003R 01000000000000000000000000000000000000000000000000107062021000000000000010                                                                                                              0000000000000000 000000000000  0         
7560001300004S 013                                                                                                                                                                                                                              
7560001300005P 010563100000020064454 000013819101011     10 222431599900000000707202100000000000050000000 02A07062021107072021000000000000000000000000000000000000000000000000000000000000000000000                         1000   090000000000 
7560001300006Q 011000033390590803MICHEL FERNANDES RAMOS                  RUA CASEMIRO DIAS ,297                  VILA NOVA      19010280PRESIDENTE PRUDSP0000000000000000                                        000                            
7560001300007R 01000000000000000000000000000000000000000000000000107072021000000000000010                                                                                                              0000000000000000 000000000000  0         
7560001300008S 013                                                                                                                                                                                                                              
7560001300009P 010563100000020064454 000013820001011     10 222431699900000000708202100000000000050000000 02A07062021107082021000000000000000000000000000000000000000000000000000000000000000000000                         1000   090000000000 
7560001300010Q 011000033390590803MICHEL FERNANDES RAMOS                  RUA CASEMIRO DIAS ,297                  VILA NOVA      19010280PRESIDENTE PRUDSP0000000000000000                                        000                            
7560001300011R 01000000000000000000000000000000000000000000000000107082021000000000000010                                                                                                              0000000000000000 000000000000  0         
7560001300012S 013                                                                                                                                                                                                                              
7560001300013P 010563100000020064454 000013821701011     10 222431799900000000709202100000000000050000000 02A07062021107092021000000000000000000000000000000000000000000000000000000000000000000000                         1000   090000000000 
7560001300014Q 011000033390590803MICHEL FERNANDES RAMOS                  RUA CASEMIRO DIAS ,297                  VILA NOVA      19010280PRESIDENTE PRUDSP0000000000000000                                        000                            
7560001300015R 01000000000000000000000000000000000000000000000000107092021000000000000010                                                                                                              0000000000000000 000000000000  0         
7560001300016S 013                                                                                                                                                                                                                              
7560001300017P 010563100000020064454 000013822401011     10 222431899900000000710202100000000000050000000 02A07062021107102021000000000000000000000000000000000000000000000000000000000000000000000                         1000   090000000000 
7560001300018Q 011000033390590803MICHEL FERNANDES RAMOS                  RUA CASEMIRO DIAS ,297                  VILA NOVA      19010280PRESIDENTE PRUDSP0000000000000000                                        000                            
7560001300019R 01000000000000000000000000000000000000000000000000107102021000000000000010                                                                                                              0000000000000000 000000000000  0         
7560001300020S 013                                                                                                                                                                                                                              
75600015         00000500000500000000000002500000000000000000000000000000000000000000000000000000000000000000000000                                                                                                                             
75699999         000001000005000000                                                                                                                                                                                                             