75600000         219895217000135                    0563100000020064454 IWS CURSOS DE IDIOMAS LTDA    SICOOB                                  11306202215420700000108100000                                                                     
75600011R01  040 2019895217000135                    0563100000020064454 IWS CURSOS DE IDIOMAS LTDA                                                                                    000035231306202200000000                                 
7560001300001P 010563100000020064454 000018761501011     10 223165417380000001007202200000000001470000000 02A13062022110072022000000000000005000000000000000000000000000000000000000000000000000000                         1000   090000000000 
7560001300002Q 011000050020255870VITOR ANTUNES PEREIRA                   RUA CARDOSO MOREIRA ,125                JARDIM OLINDA  05766290               SP0000000000000000                                        000                            
7560001300003R 01000000000000000000000000000000000000000000000000110072022000000000000294                                                                                                              0000000000000000 000000000000  0         
7560001300004S 013                                                                                                                                                                                                                              
75600015         00000100000100000000000014700000000000000000000000000000000000000000000000000000000000000000000000                                                                                                                             
75699999         000001000001000000                                                                                                                                                                                                             