75600000         232970660000191                    0563100000020098014 EDUULMC CURSOS DE IDIOMAS EIRESICOOB                                  12509202409014500000108100000                                                                     
75600011R01  040 2032970660000191                    0563100000020098014 EDUULMC CURSOS DE IDIOMAS EIRE                                                                                000047562509202400000000                                 
7560001300001P 010563100000020098014 000028205001011     10 223899618330000001010202400000000003392000000 02A25092024110102024000000000000011000000000000000000000000000000000000000000000000000000                         1000   090000000000 
7560001300002Q 011000034222814873ADELE JANDIRA HAIDAR PERUCHE            RUA IUBATINGA ,14                       VILA ANDRADE   05716110      SAO PAULOSP0000000000000000                                        000                            
7560001300003R 01000000000000000000000000000000000000000000000000110102024000000000000678                                                                                                              0000000000000000 000000000000  0         
7560001300004S 013                                                                                                                                                                                                                              
7560001300005P 010563100000020098014 000028206801011     10 224140717030000001010202400000000002247200000 02A25092024110102024000000000000007000000000000000000000000000000000000000000000000000000                         1000   090000000000 
7560001300006Q 011000033280346843ANSELMO DA SILVA                        RUA SERRA ACARAI ,145                   JARDIM PAINEIRA08581070ITAQUAQUECETUBASP0000000000000000                                        000                            
7560001300007R 01000000000000000000000000000000000000000000000000110102024000000000000449                                                                                                              0000000000000000 000000000000  0         
7560001300008S 013                                                                                                                                                                                                                              
7560001300009P 010563100000020098014 000028207501011     10 224337017030000001010202400000000000500000000 02A25092024110102024000000000000002000000000000000000000000000000000000000000000000000000                         1000   090000000000 
7560001300010Q 011000033280346843ANSELMO DA SILVA                        RUA SERRA ACARAI ,145                   JARDIM PAINEIRA08581070ITAQUAQUECETUBASP0000000000000000                                        000                            
7560001300011R 01000000000000000000000000000000000000000000000000110102024000000000000100                                                                                                              0000000000000000 000000000000  0         
7560001300012S 013                                                                                                                                                                                                                              
7560001300013P 010563100000020098014 000028208201011     10 224167620260000001010202400000000003520000000 02A25092024110102024000000000000012000000000000000000000000000000000000000000000000000000                         1000   090000000000 
7560001300014Q 011000026814121883 LAIS CRISTINA COIMBRA BENTES           RUA PELOTAS ,255                        VILA MARIANA   04012000      SAO PAULOSP0000000000000000                                        000                            
7560001300015R 01000000000000000000000000000000000000000000000000110102024000000000000704                                                                                                              0000000000000000 000000000000  0         
7560001300016S 013                                                                                                                                                                                                                              
7560001300017P 010563100000020098014 000028209001011     10 224346520830000001010202400000000002830200000 02A25092024110102024000000000000009000000000000000000000000000000000000000000000000000000                         1000   090000000000 
7560001300018Q 011000003365904158CAMILA FERREIRA PEREIRA SILVA           AVENIDA DOUTOR ALTINO ARANTES ,574      VILA CLEMENTINO04042003      SAO PAULOSP0000000000000000                                        000                            
7560001300019R 01000000000000000000000000000000000000000000000000110102024000000000000566                                                                                                              0000000000000000 000000000000  0         
7560001300020S 013                                                                                                                                                                                                                              
7560001300021P 010563100000020098014 000028210801011     10 224061714950000001010202400000000001816800000 02A25092024110102024000000000000006000000000000000000000000000000000000000000000000000000                         1000   090000000000 
7560001300022Q 011000042109093862CELINA PEREIRA SANTIAGO                 RUA AURORA CONTIERI ,49                 SUMAREZINHO    05441060      SAO PAULOSP0000000000000000                                        000                            
7560001300023R 01000000000000000000000000000000000000000000000000110102024000000000000363                                                                                                              0000000000000000 000000000000  0         
7560001300024S 013                                                                                                                                                                                                                              
7560001300025P 010563100000020098014 000028211501011     10 224200615230000001010202400000000004325900000 02A25092024110102024000000000000014000000000000000000000000000000000000000000000000000000                         1000   090000000000 
7560001300026Q 011000017533829808CLEBER ANTONIO CHINELATO                RUA DOS FRANCESES ,498                  MORRO DOS INGLE01329010      SAO PAULOSP0000000000000000                                        000                            
7560001300027R 01000000000000000000000000000000000000000000000000110102024000000000000865                                                                                                              0000000000000000 000000000000  0         
7560001300028S 013                                                                                                                                                                                                                              
7560001300029P 010563100000020098014 000028212201011     10 224179720350000001010202400000000002100000000 02A25092024110102024000000000000007000000000000000000000000000000000000000000000000000000                         1000   090000000000 
7560001300030Q 011000014217408854RUTH PEREIRA FILHA SGROIA               RUA MIRO VETORAZZO ,200                 DEMARCHI       09820135SAO BERNARDO DOSP0000000000000000                                        000                            
7560001300031R 01000000000000000000000000000000000000000000000000110102024000000000000420                                                                                                              0000000000000000 000000000000  0         
7560001300032S 013                                                                                                                                                                                                                              
7560001300033P 010563100000020098014 000028213001011     10 224312614830000001010202400000000001590000000 02A25092024110102024000000000000005000000000000000000000000000000000000000000000000000000                         1000   090000000000 
7560001300034Q 011000038686017835ISABELA GONCALVES CARDOSO DE SA         RUA AIMBERE ,1775 AP 72                 SUMARE         01258020      SAO PAULOSP0000000000000000                                        000                            
7560001300035R 01000000000000000000000000000000000000000000000000110102024000000000000318                                                                                                              0000000000000000 000000000000  0         
7560001300036S 013                                                                                                                                                                                                                              
7560001300037P 010563100000020098014 000028214701011     10 224353220940000001010202400000000002830200000 02A25092024110102024000000000000009000000000000000000000000000000000000000000000000000000                         1000   090000000000 
7560001300038Q 011000054077099889JULIA ALMEIDA REIS                      AVENIDA KENNEDY ,1230                   JARDIM DO MAR  09726253SAO BERNARDO DOSP0000000000000000                                        000                            
7560001300039R 01000000000000000000000000000000000000000000000000110102024000000000000566                                                                                                              0000000000000000 000000000000  0         
7560001300040S 013                                                                                                                                                                                                                              
7560001300041P 010563100000020098014 000028215401011     10 224318619570000001010202400000000002109400000 02A25092024110102024000000000000007000000000000000000000000000000000000000000000000000000                         1000   090000000000 
7560001300042Q 011000036406378873ALINE JENIFER BIM MONCAO                RUA TIRADENTES ,1837                    SANTA TEREZINHA09780265SAO BERNARDO DOSP0000000000000000                                        000                            
7560001300043R 01000000000000000000000000000000000000000000000000110102024000000000000422                                                                                                              0000000000000000 000000000000  0         
7560001300044S 013                                                                                                                                                                                                                              
7560001300045P 010563100000020098014 000028216101011     10 223934416040000001010202400000000003030400000 02A25092024110102024000000000000010000000000000000000000000000000000000000000000000000000                         1000   090000000000 
7560001300046Q 011000043285071842LETICIA DA SILVA SOBREIRA               RUA ROSALINA SCHULTZ ,176 B CASA        JARDIM BEATRIZ 06765010TABOAO DA SERRASP0000000000000000                                        000                            
7560001300047R 01000000000000000000000000000000000000000000000000110102024000000000000606                                                                                                              0000000000000000 000000000000  0         
7560001300048S 013                                                                                                                                                                                                                              
7560001300049P 010563100000020098014 000028217901011     10 224212672500000001010202400000000001853900000 02A25092024110102024000000000000006000000000000000000000000000000000000000000000000000000                         1000   090000000000 
7560001300050Q 011000003567487825NABOR ALVES MONTEIRO                    RUA SOLDADO GENESIO VALENTIM CORREA,37  VILA YAYA      07060023      GUARULHOSSP0000000000000000                                        000                            
7560001300051R 01000000000000000000000000000000000000000000000000110102024000000000000371                                                                                                              0000000000000000 000000000000  0         
7560001300052S 013                                                                                                                                                                                                                              
7560001300053P 010563100000020098014 000028218601011     10 224084542300000001010202400000000002842700000 02A25092024110102024000000000000009000000000000000000000000000000000000000000000000000000                         1000   090000000000 
7560001300054Q 011000011279917792PETRIC RIOS BASTOS                      AVENIDA OTAVIANO ALVES DE LIMA ,3600    JARDIM DAS GRAC02701000      SAO PAULOSP0000000000000000                                        000                            
7560001300055R 01000000000000000000000000000000000000000000000000110102024000000000000569                                                                                                              0000000000000000 000000000000  0         
7560001300056S 013                                                                                                                                                                                                                              
7560001300057P 010563100000020098014 000028219301011     10 224361518850000001010202400000000003875000000 02A25092024110102024000000000000013000000000000000000000000000000000000000000000000000000                         1000   090000000000 
7560001300058Q 011000051130846890REGIANE DE SOUZA SOBRAL                 RUA SENA MADUREIRA ,1393                JARDIM CUMBICA 07240020      GUARULHOSSP0000000000000000                                        000                            
7560001300059R 01000000000000000000000000000000000000000000000000110102024000000000000775                                                                                                              0000000000000000 000000000000  0         
7560001300060S 013                                                                                                                                                                                                                              
7560001300061P 010563100000020098014 000028220101011     10 224166120240000001010202400000000003200000000 02A25092024110102024000000000000011000000000000000000000000000000000000000000000000000000                         1000   090000000000 
7560001300062Q 011000008992109610SUELY GONCALVES DA SILVA                RUA MANOEL AMARAL ,27 9981164           CENTRO         09910000        DIADEMASP0000000000000000                                        000                            
7560001300063R 01000000000000000000000000000000000000000000000000110102024000000000000640                                                                                                              0000000000000000 000000000000  0         
7560001300064S 013                                                                                                                                                                                                                              
7560001300065P 010563100000020098014 000028221901011     10 224389321170000001010202400000000003484800000 02A25092024110102024000000000000011000000000000000000000000000000000000000000000000000000                         1000   090000000000 
7560001300066Q 011000024947309881FABIO ALVES BONNO                       ALAMEDA MINISTRO ROCHA AZEVEDO ,495     CERQUEIRA CESAR01410001      SAO PAULOSP0000000000000000                                        000                            
7560001300067R 01000000000000000000000000000000000000000000000000110102024000000000000697                                                                                                              0000000000000000 000000000000  0         
7560001300068S 013                                                                                                                                                                                                                              
7560001300069P 010563100000020098014 000028222601011     10 224392221170000001010202400000000000500000000 02A25092024110102024000000000000002000000000000000000000000000000000000000000000000000000                         1000   090000000000 
7560001300070Q 011000024947309881FABIO ALVES BONNO                       ALAMEDA MINISTRO ROCHA AZEVEDO ,495     CERQUEIRA CESAR01410001      SAO PAULOSP0000000000000000                                        000                            
7560001300071R 01000000000000000000000000000000000000000000000000110102024000000000000100                                                                                                              0000000000000000 000000000000  0         
7560001300072S 013                                                                                                                                                                                                                              
7560001300073P 010563100000020098014 000028223301011     10 224215017380000001010202400000000001651700000 02A25092024110102024000000000000005000000000000000000000000000000000000000000000000000000                         1000   090000000000 
7560001300074Q 011000050020255870VITOR ANTUNES PEREIRA                   RUA DOM SALOMAO FERRAZ ,80              VILA ANDRADE   05729140      SAO PAULOSP0000000000000000                                        000                            
7560001300075R 01000000000000000000000000000000000000000000000000110102024000000000000330                                                                                                              0000000000000000 000000000000  0         
7560001300076S 013                                                                                                                                                                                                                              
7560001300077P 010563100000020098014 000028224001011     10 224413117380000001010202400000000001500000000 02A25092024110102024000000000000005000000000000000000000000000000000000000000000000000000                         1000   090000000000 
7560001300078Q 011000050020255870VITOR ANTUNES PEREIRA                   RUA DOM SALOMAO FERRAZ ,80              VILA ANDRADE   05729140      SAO PAULOSP0000000000000000                                        000                            
7560001300079R 01000000000000000000000000000000000000000000000000110102024000000000000300                                                                                                              0000000000000000 000000000000  0         
7560001300080S 013                                                                                                                                                                                                                              
75600015         00002000002000000000000492002000000000000000000000000000000000000000000000000000000000000000000000                                                                                                                             
75699999         000001000020000000                                                                                                                                                                                                             