75600000         229492820000120                    0563100000020087306 ANEXA IDIOMAS LTDA            SICOOB                                  10212202411193700000108100000                                                                     
75600011R01  040 2029492820000120                    0563100000020087306 ANEXA IDIOMAS LTDA                                                                                            000048280212202400000000                                 
7560001300001P 010563100000020087306 000028865001011     10 224059690000000002012202400000000021881800000 02A02122024120122024000000000000072000000000000000000000000000000000000000000000000000000                         1000   090000000000 
7560001300002Q 012060687639000119PLURY QUIMICAS                          RUA SERRA DA BORBOREMA ,270             CAMPANARIO     09930580        DIADEMASP0000000000000000                                        000                            
7560001300003R 01000000000000000000000000000000000000000000000000120122024000000000004376                                                                                                              0000000000000000 000000000000  0         
7560001300004S 013                                                                                                                                                                                                                              
75600015         00000100000100000000000218818000000000000000000000000000000000000000000000000000000000000000000000                                                                                                                             
75699999         000001000001000000                                                                                                                                                                                                             