00100000         219895217000135003291258001417019  0332780000000364436 IWS CURSOS DE IDIOMAS LTDA    BANCO DO BRASIL S.A                     12001202122035800203700000000                                                                     
00100011R01  000 2019895217000135003291258001417019  03327800000003644360IWS CURSOS DE IDIOMAS LTDA                                                                                    000000002001202100000000                                 
0010001300001P 010332780000000364436032912580000011890   11220               1502202100000000025938800000 02N2001202121502202100000000000860000000000000000000000000000000000000000000000000000000032912580000011890        1290000090000000000 
0010001300002Q 012010911237000420MIMAKI BH                               RUA SANTA CATARINA ,1032                LOURDES        30170084BELO HORIZONTE MG0000000000000000                                        0                              
0010001300003P 010332780000000364436032912580000011891   11220               1602202100000000014280000000 02N2001202121602202100000000000470000000000000000000000000000000000000000000000000000000032912580000011891        1290000090000000000 
0010001300004Q 012018833840000109TDA COMA©RCIO                           RUA TAUBATA© ,42                        JARDIM VALPARAA08577680ITAQUAQUECETUBASP0000000000000000                                        0                              
00100015         000006                                                                                                                                                                                                                         
00199999         000001000008                                                                                                                                                                                                                   
