75600000         232970660000191                    05631000000200980140EDUULMC CURSOS DE IDIOMAS LTDASICOOB                                  23107202408430400087908500000                                                                     
75600011T01  043 2032970660000191          563100002405631000000200980140EDUULMC CURSOS DE IDIOMAS LTDA                                                                                000000003107202400000000                                 
7560001300001T 0605631000000200980140000027418001011     142027153000000030072024000000000034607001070250                         091000047064514850FERNANDO VASCONDE DE ARRUDA             00000000000000000000003500000000004                 
7560001300002U 060000000000000000000000000000000000000000000000000000000000000000000000346070000000000346070000000000000000000000000000003007202430072024    00000000000000000000000                       769131375600000000000000000000       
7560001300003T 0605631000000200980140000027420601011     141142198000000030072024000000000010000033000600                         091000026605186885ARIANA ACQUESTA CANAL                   00000000000000000000003500000000004                 
7560001300004U 060000000000000000000000000000000000000000000000000000000000000000000000100000000000000100000000000000000000000000000000003007202430072024    00000000000000000000000                       769243775600000000000000000000       
7560001300005T 0605631000000200980140000027421301011     138328193800000030072024000000000026700237000850                         091000045724935880MARINA CESCHIN                          00000000000000000000003500000000004                 
7560001300006U 060000000000000000000000000000000000000000000000000000000000000000000000267000000000000267000000000000000000000000000000003007202430072024    00000000000000000000000                       769137775600000000000000000000       
75600015         00000800000300000000000071307000000000000000000000000000000000000000000000000000000000000000000000                                                                                                                             
75699999         000001000010000000                                                                                                                                                                                                             
