75600000         232970660000191                    05631000000200980140EDUULMC CURSOS DE IDIOMAS LTDASICOOB                                  22801202511300800096408500000                                                                     
75600011T01  043 2032970660000191          563100002405631000000200980140EDUULMC CURSOS DE IDIOMAS LTDA                                                                                000000002801202500000000                                 
7560001300001T 0905631000000200980140000027378001011     140203184100000028072024000000000024057756056310                         091000043322125840PIETRA MARTINS DA SILVA                 00000000000000000000003500000000013                 
7560001300002U 090000000000000000000000000000000000000000000000000000000000000000000000000000000000000000000000000000000000000000000000002701202527012025    00000000000000000000000                       816913575600000000000000000000       
7560001300003T 0905631000000200980140000027419801011     142063191900000030072024000000000026500756056310                         091000041416631828GABRIEL RODRIGUES BATISTA               00000000000000000000003500000000013                 
7560001300004U 090000000000000000000000000000000000000000000000000000000000000000000000000000000000000000000000000000000000000000000000002701202527012025    00000000000000000000000                       816855175600000000000000000000       
7560001300005T 0605631000000200980140000029322701011     143935196700000025012025000000000018868260000010                         091000042973398894ANNA JULIA DE PAULA ABREU               00000000000000000000003500000000004                 
7560001300006U 060000000000000000000000000000000000000000000000000000000000000000000000188680000000000188680000000000000000000000000000002701202527012025    00000000000000000000000                       816634575600000000000000000000       
7560001300007T 0605631000000200980140000029326601011     139203149800000025012025000000000029150237001220                         091000027893285877ANA PAULA HAMMERMEISTER GIMENES         00000000000000000000003500000000004                 
7560001300008U 060000000000000000000000000000000000000000000000000000000000000000000000291500000000000291500000000000000000000000000000002701202527012025    00000000000000000000000                       816895375600000000000000000000       
7560001300009T 0605631000000200980140000029332001011     144058211800000025012025000000000028302260000010                         091000022651413801RAQUEL VIEIRA FONTES                    00000000000000000000003500000000004                 
7560001300010U 060000000000000000000000000000000000000000000000000000000000000000000000283020000000000283020000000000000000000000000000002701202527012025    00000000000000000000000                       816634875600000000000000000000       
7560001300011T 0605631000000200980140000029333801011     144070211800000025012025000000000003000260000010                         091000022651413801RAQUEL VIEIRA FONTES                    00000000000000000000003500000000004                 
7560001300012U 060000000000000000000000000000000000000000000000000000000000000000000000030000000000000030000000000000000000000000000000002701202527012025    00000000000000000000000                       816631875600000000000000000000       
7560001300013T 0605631000000200980140000029334501011     140209184100000028012025000000000024057237035200                         091000043322125840PIETRA MARTINS DA SILVA                 00000000000000000000003500000000004                 
7560001300014U 060000000000000000000000000000000000000000000000000000000000000000000000240570000000000240570000000000000000000000000000002701202527012025    00000000000000000000000                       816628875600000000000000000000       
7560001300015T 0605631000000200980140000029450501011     143130148300000010022025000000000015900237004210                         091000038686017835ISABELA GONCALVES CARDOSO DE SA         00000000000000000000003500000000004                 
7560001300016U 060000000000000000000000000000000000000000000000000000000000000000000000159000000000000159000000000000000000000000000000002701202527012025    00000000000000000000000                       816897175600000000000000000000       
75600015         00001800000800000000000169834000000000000000000000000000000000000000000000000000000000000000000000                                                                                                                             
75699999         000001000020000000                                                                                                                                                                                                             
