75600000         232970660000191                    05631000000200980140EDUULMC CURSOS DE IDIOMAS LTDASICOOB                                  21106202409245900085708500000                                                                     
75600011T01  043 2032970660000191          563100002405631000000200980140EDUULMC CURSOS DE IDIOMAS LTDA                                                                                000000001106202400000000                                 
7560001300001T 0905631000000200980140000025050101011     138445195700000010122023000000000019900756056310                         091000036406378873ALINE JENIFER BIM MONCAO                00000000000000000000003500000000013                 
7560001300002U 090000000000000000000000000000000000000000000000000000000000000000000000000000000000000000000000000000000000000000000000001006202410062024    00000000000000000000000                       756190275600000000000000000000       
7560001300003T 0905631000000200980140000025058001011     136005188500000010122023000000000032000756056310                         091000051130846890REGIANE DE SOUZA SOBRAL                 00000000000000000000003500000000013                 
7560001300004U 090000000000000000000000000000000000000000000000000000000000000000000000000000000000000000000000000000000000000000000000001006202410062024    00000000000000000000000                       756190475600000000000000000000       
7560001300005T 0905631000000200980140000025060501011     138295156900000010122023000000000032648756056310                         091000039367899831TAINA CABRAL SEIJAS                     00000000000000000000003500000000013                 
7560001300006U 090000000000000000000000000000000000000000000000000000000000000000000000000000000000000000000000000000000000000000000000001006202410062024    00000000000000000000000                       756190675600000000000000000000       
7560001300007T 0905631000000200980140000025062001011     137664176300000010122023000000000021200756056310                         091000026504465878KATIA TIBERIO                           00000000000000000000003500000000013                 
7560001300008U 090000000000000000000000000000000000000000000000000000000000000000000000000000000000000000000000000000000000000000000000001006202410062024    00000000000000000000000                       756190875600000000000000000000       
7560001300009T 0605631000000200980140000026896301011     141672202600000010062024000000000035200237025030                         091000026814121883 LAIS CRISTINA COIMBRA BENTES           00000000000000000000003500000000004                 
7560001300010U 060000000000000000000000000000000000000000000000000000000000000000000000352000000000000352000000000000000000000000000000001006202410062024    00000000000000000000000                       755740875600000000000000000000       
7560001300011T 0605631000000200980140000026897001011     140613149500000010062024000000000018168756050040                         091000042109093862CELINA PEREIRA SANTIAGO                 00000000000000000000003500000000006                 
7560001300012U 060000000000000000000000000000000000000000000000000000000000000000000000181680000000000181680000000000000000000000000000001006202410062024    00000000000000000000000                       756302075600000000000000000000       
7560001300013T 0605631000000200980140000026898801011     142002152300000010062024000000000043259341040530                         091000017533829808CLEBER ANTONIO CHINELATO                00000000000000000000003500000000004                 
7560001300014U 060000000000000000000000000000000000000000000000000000000000000000000000432590000000000432590000000000000000000000000000001006202410062024    00000000000000000000000                       755914075600000000000000000000       
7560001300015T 0605631000000200980140000026904801011     141793203500000010062024000000000021000033009000                         091000014217408854RUTH PEREIRA FILHA SGROIA               00000000000000000000003500000000004                 
7560001300016U 060000000000000000000000000000000000000000000000000000000000000000000000210000000000000210000000000000000000000000000000001006202410062024    00000000000000000000000                       755736475600000000000000000000       
7560001300017T 0605631000000200980140000026908701011     139986161500000010062024000000000023203237065840                         091000062795015072MARCELO MACHADO                         00000000000000000000003500000000004                 
7560001300018U 060000000000000000000000000000000000000000000000000000000000000000000000232030000000000232030000000000000000000000000000001006202410062024    00000000000000000000000                       756101675600000000000000000000       
7560001300019T 0605631000000200980140000026916601011     140841423000000010062024000000000028427341013040                         091000011279917792PETRIC RIOS BASTOS                      00000000000000000000003500000000004                 
7560001300020U 060000000000000000000000000000000000000000000000000000000000000000000000284270000000000284270000000000000000000000000000001006202410062024    00000000000000000000000                       756499075600000000000000000000       
7560001300021T 0605631000000200980140000026921301011     142146173800000010062024000000000016517001047520                         091000050020255870VITOR ANTUNES PEREIRA                   00000000000000000000003500000000004                 
7560001300022U 060000000000000000000000000000000000000000000000000000000000000000000000165170000000000165170000000000000000000000000000001006202410062024    00000000000000000000000                       755756675600000000000000000000       
7560001300023T 0605631000000200980140000026985401011     139352331000000015062024000000000081620237011910                         091000017129471840LISANDRA MARQUES ALISEDA SEDRANI        00000000000000000000003500000000004                 
7560001300024U 060000000000000000000000000000000000000000000000000000000000000000000000816200000000000816200000000000000000000000000000001006202410062024    00000000000000000000000                       755987275600000000000000000000       
75600015         00002600001200000000000373142000000000000000000000000000000000000000000000000000000000000000000000                                                                                                                             
75699999         000001000028000000                                                                                                                                                                                                             
