75600000         232970660000191                    05631000000200980140EDUULMC CURSOS DE IDIOMAS LTDASICOOB                                  20608202409033100088308500000                                                                     
75600011T01  043 2032970660000191          563100002405631000000200980140EDUULMC CURSOS DE IDIOMAS LTDA                                                                                000000000608202400000000                                 
7560001300001T 0905631000000200980140000025505901011     136022188700000005022024000000000032000756056310                         091000036826948893IRIS MIQUELINE BRITO                    00000000000000000000003500000000013                 
7560001300002U 090000000000000000000000000000000000000000000000000000000000000000000000000000000000000000000000000000000000000000000000000508202405082024    00000000000000000000000                       770667775600000000000000000000       
7560001300003T 0905631000000200980140000025506601011     138056193300000005022024000000000032000756056310                         091000023900905835ISAAC BATISTA MACIEL                    00000000000000000000003500000000013                 
7560001300004U 090000000000000000000000000000000000000000000000000000000000000000000000000000000000000000000000000000000000000000000000000508202405082024    00000000000000000000000                       770667975600000000000000000000       
7560001300005T 0905631000000200980140000025507301011     136483190200000005022024000000000024180756056310                         091000045603241829JOAO VICTOR SILVA LIMA DE OLIVEIRA      00000000000000000000003500000000013                 
7560001300006U 090000000000000000000000000000000000000000000000000000000000000000000000000000000000000000000000000000000000000000000000000508202405082024    00000000000000000000000                       770668175600000000000000000000       
7560001300007T 0905631000000200980140000025509801011     138519179800000005022024000000000025652756056310                         091000022128641837CELIA MATOS SILVA                       00000000000000000000003500000000013                 
7560001300008U 090000000000000000000000000000000000000000000000000000000000000000000000000000000000000000000000000000000000000000000000000508202405082024    00000000000000000000000                       770668375600000000000000000000       
7560001300009T 0605631000000200980140000027538001011     142124725000000010082024000000000018539033035440                         091000003567487825NABOR ALVES MONTEIRO                    00000000000000000000003500000000004                 
7560001300010U 060000000000000000000000000000000000000000000000000000000000000000000000185390000000000185390000000000000000000000000000000508202405082024    00000000000000000000000                       770563575600000000000000000000       
75600015         00001200000500000000000132371000000000000000000000000000000000000000000000000000000000000000000000                                                                                                                             
75699999         000001000014000000                                                                                                                                                                                                             
