75600000         232970660000191                    05631000000200980140EDUULMC CURSOS DE IDIOMAS LTDASICOOB                                  20411202410213000092308500000                                                                     
75600011T01  043 2032970660000191          563100002405631000000200980140EDUULMC CURSOS DE IDIOMAS LTDA                                                                                000000000411202400000000                                 
7560001300001T 0605631000000200980140000028616901011     141552188300000015112024000000000024062033010360                         091000042672802823NAYARA VIEIRA DA SILVA                  00000000000000000000003500000000004                 
7560001300002U 060000000000000000000000000000000000000000000000000000000000000000000000240620000000000240620000000000000000000000000000000111202401112024    00000000000000000000000                       793612775600000000000000000000       
7560001300003T 0605631000000200980140000028617601011     144340188300000015112024000000000005000033010360                         091000042672802823NAYARA VIEIRA DA SILVA                  00000000000000000000003500000000004                 
7560001300004U 060000000000000000000000000000000000000000000000000000000000000000000000050000000000000050000000000000000000000000000000000111202401112024    00000000000000000000000                       793639175600000000000000000000       
75600015         00000600000200000000000029062000000000000000000000000000000000000000000000000000000000000000000000                                                                                                                             
75699999         000001000008000000                                                                                                                                                                                                             
