75600000         219895217000135                    05631000000200644540IWS CURSOS DE IDIOMAS LTDA    SICOOB                                  21109202408423700139008500000                                                                     
75600011T01  043 2019895217000135          563100002405631000000200644540IWS CURSOS DE IDIOMAS LTDA                                                                                    000000001109202400000000                                 
7560001300001T 0605631000000200644540000027807701011     138244120100000010092024000000000032648033002360                         091000037917191818JACQUELINE ALVES TAMURA                 00000000000000000000003500000000004                 
7560001300002U 060000000000000000000000000000000000000000000000000000000000000000000000326480000000000326480000000000000000000000000000001009202410092024    00000000000000000000000                       780355675600000000000000000000       
7560001300003T 0605631000000200644540000027833901011     143745210600000010092024000000000005000341008200                         091000033922017827EDUARDO LOURENCO SILVA                  00000000000000000000003500000000004                 
7560001300004U 060000000000000000000000000000000000000000000000000000000000000000000000050000000000000050000000000000000000000000000000001009202410092024    00000000000000000000000                       780346475600000000000000000000       
7560001300005T 0605631000000200644540000027846401011     141278201700000010092024000000000010000341074220                         091000009727368670ISABELA KRISTINA MESQUITA SILVA         00000000000000000000003500000000004                 
7560001300006U 060000000000000000000000000000000000000000000000000000000000000000000000100000000000000100000000000000000000000000000000001009202410092024    00000000000000000000000                       780607575600000000000000000000       
7560001300007T 0605631000000200644540000027847101011     143422207900000010092024000000000032000033022710                         091000014810831710ISABELLE SILVA MENDES                   00000000000000000000003500000000004                 
7560001300008U 060000000000000000000000000000000000000000000000000000000000000000000000320000000000000320000000000000000000000000000000001009202410092024    00000000000000000000000                       780778375600000000000000000000       
7560001300009T 0605631000000200644540000027863001011     140832167100000010092024000000000019775001059670                         091000099343460872WANDERLEY JOSE RAMOS VENANCIO           00000000000000000000003500000000004                 
7560001300010U 060000000000000000000000000000000000000000000000000000000000000000000000197750000000000197750000000000000000000000000000001009202410092024    00000000000000000000000                       780296675600000000000000000000       
7560001300011T 0605631000000200644540000027867901011     140253182700000010092024000000000025472237005930                         091000039053153861SAMMYA M. DA S. SOUSA                   00000000000000000000003500000000004                 
7560001300012U 060000000000000000000000000000000000000000000000000000000000000000000000254720000000000254720000000000000000000000000000001009202410092024    00000000000000000000000                       780656175600000000000000000000       
7560001300013T 0605631000000200644540000027868601011     140868190000000010092024000000000022260237020030                         091000008563118803SIMONE SOARES ZUANETTI                  00000000000000000000003500000000004                 
7560001300014U 060000000000000000000000000000000000000000000000000000000000000000000000222600000000000222600000000000000000000000000000001009202410092024    00000000000000000000000                       780658875600000000000000000000       
7560001300015T 0605631000000200644540000027870101011     140289187300000010092024000000000031800033000600                         091000032837190802THAIS CRISTINA DA COSTA GHIDELLI CAMPOS 00000000000000000000003500000000004                 
7560001300016U 060000000000000000000000000000000000000000000000000000000000000000000000318000000000000318000000000000000000000000000000001009202410092024    00000000000000000000000                       780554775600000000000000000000       
7560001300017T 0605631000000200644540000027871901011     140916151400000010092024000000000022247033001070                         091000004913644823VALQUIRIA DE CASSIA NUNES SOARES        00000000000000000000003500000000004                 
7560001300018U 060000000000000000000000000000000000000000000000000000000000000000000000222470000000000222470000000000000000000000000000001009202410092024    00000000000000000000000                       780554975600000000000000000000       
7560001300019T 0605631000000200644540000027876501011     143089143100000010092024000000000043259001058030                         091000017612949890ELISABETH NOGUEIRA MARTINS              00000000000000000000003500000000004                 
7560001300020U 060000000000000000000000000000000000000000000000000000000000000000000000432590000000000432590000000000000000000000000000001009202410092024    00000000000000000000000                       780432475600000000000000000000       
7560001300021T 0605631000000200644540000027878001011     139701134100000010092024000000000040810341040530                         091000017533829808CLEBER ANTONIO CHINELATO                00000000000000000000003500000000004                 
7560001300022U 060000000000000000000000000000000000000000000000000000000000000000000000408100000000000408100000000000000000000000000000001009202410092024    00000000000000000000000                       780279975600000000000000000000       
7560001300023T 0605631000000200644540000027879701011     139725134400000010092024000000000036729341040530                         091000017533829808CLEBER ANTONIO CHINELATO                00000000000000000000003500000000004                 
7560001300024U 060000000000000000000000000000000000000000000000000000000000000000000000367290000000000367290000000000000000000000000000001009202410092024    00000000000000000000000                       780214775600000000000000000000       
7560001300025T 0605631000000200644540000027959101011     143519210000000010092024000000000425855341014800                         092004731867000178INNOVAPACK                              00000000000000000000003500000000004                 
7560001300026U 060000000000000000000000000000000000000000000000000000000000000000000004258550000000004258550000000000000000000000000000001009202410092024    00000000000000000000000                       780345075600000000000000000000       
7560001300027T 0605631000000200644540000027963101011     143876211600000010092024000000000026700237005930                         091000039945420810ALANA SANTANA DE SOUZA                  00000000000000000000003500000000004                 
7560001300028U 060000000000000000000000000000000000000000000000000000000000000000000000267000000000000267000000000000000000000000000000001009202410092024    00000000000000000000000                       780357875600000000000000000000       
75600015         00003000001400000000000774555000000000000000000000000000000000000000000000000000000000000000000000                                                                                                                             
75699999         000001000032000000                                                                                                                                                                                                             
