75600000         219895217000135                    05631000000200644540IWS CURSOS DE IDIOMAS LTDA    SICOOB                                  22701202510230300147108500000                                                                     
75600011T01  043 2019895217000135          563100002405631000000200644540IWS CURSOS DE IDIOMAS LTDA                                                                                    000000002701202500000000                                 
7560001300001T 0605631000000200644540000029285901011     143983180300000025012025000000000083596341059550                         091000035707793860FRANCINE RAMONEDA NUNES DOS SANTOS      00000000000000000000003500000000004                 
7560001300002U 060000000000000000000000000000000000000000000000000000000000000000000000835960000000000835960000000000000000000000000000002401202524012025    00000000000000000000000                       816185775600000000000000000000       
7560001300003T 0605631000000200644540000029297701011     139419125800000025012025000000000040810341003750                         091000044218123829NATHALIA VIRGINIA GOMES                 00000000000000000000003500000000004                 
7560001300004U 060000000000000000000000000000000000000000000000000000000000000000000000408100000000000408100000000000000000000000000000002401202524012025    00000000000000000000000                       816180175600000000000000000000       
7560001300005T 0605631000000200644540000029338401011     146154194900000030012025000000000025000033039610                         091000045242750880CAMILA CARVALHO BARBOSA NEVES DIAS      00000000000000000000003500000000004                 
7560001300006U 060000000000000000000000000000000000000000000000000000000000000000000000250000000000000250000000000000000000000000000000002401202524012025    00000000000000000000000                       816256175600000000000000000000       
7560001300007T 0605631000000200644540000029360701011     140933102200000005022025000000000032629237004430                         091000043704621854VICTOR TONETTO MARQUES                  00000000000000000000003500000000004                 
7560001300008U 060000000000000000000000000000000000000000000000000000000000000000000000326290000000000326290000000000000000000000000000002401202524012025    00000000000000000000000                       816169775600000000000000000000       
75600015         00001000000400000000000182035000000000000000000000000000000000000000000000000000000000000000000000                                                                                                                             
75699999         000001000012000000                                                                                                                                                                                                             
