75600000         229492820000120                    05631000000200873060ANEXA IDIOMAS LTDA            SICOOB                                  22108202409030400111208500000                                                                     
75600011T01  043 2029492820000120          563100002405631000000200873060ANEXA IDIOMAS LTDA                                                                                            000000002108202400000000                                 
7560001300001T 0605631000000200873060000027652201011     139880189100000020082024000000000033920341007570                         091000036517885803FERNANDO HENRIQUE CESTO ASCENSO         00000000000000000000003500000000004                 
7560001300002U 060000000000000000000000000000000000000000000000000000000000000000000000339200000000000339200000000000000000000000000000002008202420082024    00000000000000000000000                       775288375600000000000000000000       
7560001300003T 0605631000000200873060000027656101011     141597171900000020082024000000000022360033047230                         091000020533601860LUCIANA CARVALHO                        00000000000000000000003500000000004                 
7560001300004U 060000000000000000000000000000000000000000000000000000000000000000000000223600000000000223600000000000000000000000000000002008202420082024    00000000000000000000000                       775285375600000000000000000000       
75600015         00000600000200000000000056280000000000000000000000000000000000000000000000000000000000000000000000                                                                                                                             
75699999         000001000008000000                                                                                                                                                                                                             
