75600000         232970660000191                    05631000000200980140EDUULMC CURSOS DE IDIOMAS LTDASICOOB                                  20606202409220500085408500000                                                                     
75600011T01  043 2032970660000191          563100002405631000000200980140EDUULMC CURSOS DE IDIOMAS LTDA                                                                                000000000606202400000000                                 
7560001300001T 0605631000000200980140000026654001011     138300156900000010052024000000000032648001007170                         091000039367899831TAINA CABRAL SEIJAS                     00000000000000000000003500000000004                 
7560001300002U 060000000000009390000000000000000000000000000000000000000000000000000000335870000000000335870000000000000000000000000000000506202405062024    00000000000000000000000                       754804175600000000000000000000       
7560001300003T 0605631000000200980140000026899501011     137822193100000005062024000000000048000033001230                         091000029006267813CRISTIANO CARVALHO JACINTO              00000000000000000000003500000000004                 
7560001300004U 060000000000000000000000000000000000000000000000000000000000000000000000480000000000000480000000000000000000000000000000000506202405062024    00000000000000000000000                       754620075600000000000000000000       
7560001300005T 0605631000000200980140000026905501011     141225201400000005062024000000000028300341067480                         091000030377225843MARLEIDE DE LIMA PAZZOTTI               00000000000000000000003500000000004                 
7560001300006U 060000000000000000000000000000000000000000000000000000000000000000000000283000000000000283000000000000000000000000000000000506202405062024    00000000000000000000000                       754885675600000000000000000000       
7560001300007T 0605631000000200980140000026920601011     140877549000000005062024000000000020693001035590                         091000022777304831THAIS DA SILVA BARBOSA                  00000000000000000000003500000000004                 
7560001300008U 060000000000000000000000000000000000000000000000000000000000000000000000206930000000000206930000000000000000000000000000000506202405062024    00000000000000000000000                       754811675600000000000000000000       
7560001300009T 0605631000000200980140000026924501011     141035310000000005062024000000000133650341000720                         092061139622000190LILLA                                   00000000000000000000003500000000004                 
7560001300010U 060000000000000000000000000000000000000000000000000000000000000000000001336500000000001336500000000000000000000000000000000506202405062024    00000000000000000000000                       754875675600000000000000000000       
75600015         00001200000500000000000263291000000000000000000000000000000000000000000000000000000000000000000000                                                                                                                             
75699999         000001000014000000                                                                                                                                                                                                             
