75600000         219895217000135                    05631000000200644540IWS CURSOS DE IDIOMAS LTDA    SICOOB                                  21309202408031400139208500000                                                                     
75600011T01  043 2019895217000135          563100002405631000000200644540IWS CURSOS DE IDIOMAS LTDA                                                                                    000000001309202400000000                                 
7560001300001T 0905631000000200644540000025916701011     141101199600000015032024000000000005000756056310                         091000007704856693DELUMA AGUILAR HORTA                    00000000000000000000003500000000013                 
7560001300002U 090000000000000000000000000000000000000000000000000000000000000000000000000000000000000000000000000000000000000000000000001209202412092024    00000000000000000000000                       781401475600000000000000000000       
7560001300003T 0905631000000200644540000025917401011     140574199600000015032024000000000009000756056310                         091000007704856693DELUMA AGUILAR HORTA                    00000000000000000000003500000000013                 
7560001300004U 090000000000000000000000000000000000000000000000000000000000000000000000000000000000000000000000000000000000000000000000001209202412092024    00000000000000000000000                       781401575600000000000000000000       
7560001300005T 0905631000000200644540000025919901011     139923299000000015032024000000000014711756056310                         091000009158540903GUILHERME BARBOSA MENDES                00000000000000000000003500000000013                 
7560001300006U 090000000000000000000000000000000000000000000000000000000000000000000000000000000000000000000000000000000000000000000000001209202412092024    00000000000000000000000                       781401675600000000000000000000       
7560001300007T 0905631000000200644540000025925301011     140091185300000015032024000000000009628756056310                         091000009526613490MARIA EMILIA DE SOUZA SILVA             00000000000000000000003500000000013                 
7560001300008U 090000000000000000000000000000000000000000000000000000000000000000000000000000000000000000000000000000000000000000000000001209202412092024    00000000000000000000000                       781401775600000000000000000000       
7560001300009T 0905631000000200644540000025926001011     140127185400000015032024000000000009628756056310                         091000002688745492MARTA MIKAELLE TORRES                   00000000000000000000003500000000013                 
7560001300010U 090000000000000000000000000000000000000000000000000000000000000000000000000000000000000000000000000000000000000000000000001209202412092024    00000000000000000000000                       781401875600000000000000000000       
7560001300011T 0905631000000200644540000025929201011     137694192400000015032024000000000024750756056310                         091000025493112809VIVIAN MARQUES                          00000000000000000000003500000000013                 
7560001300012U 090000000000000000000000000000000000000000000000000000000000000000000000000000000000000000000000000000000000000000000000001209202412092024    00000000000000000000000                       781401975600000000000000000000       
7560001300013T 0905631000000200644540000025930001011     140410198100000015032024000000000026700756056310                         091000050510566871BRUNO ROCHA RODRIGUES                   00000000000000000000003500000000013                 
7560001300014U 090000000000000000000000000000000000000000000000000000000000000000000000000000000000000000000000000000000000000000000000001209202412092024    00000000000000000000000                       781402075600000000000000000000       
7560001300015T 0905631000000200644540000025931801011     141182198100000015032024000000000007500756056310                         091000050510566871BRUNO ROCHA RODRIGUES                   00000000000000000000003500000000013                 
7560001300016U 090000000000000000000000000000000000000000000000000000000000000000000000000000000000000000000000000000000000000000000000001209202412092024    00000000000000000000000                       781402175600000000000000000000       
7560001300017T 0905631000000200644540000025933201011     137909156000000015032024000000000026500756056310                         091000036374365828DRIELE PINHEIRO SANTOS                  00000000000000000000003500000000013                 
7560001300018U 090000000000000000000000000000000000000000000000000000000000000000000000000000000000000000000000000000000000000000000000001209202412092024    00000000000000000000000                       781402275600000000000000000000       
7560001300019T 0905631000000200644540000025937101011     138226141900000015032024000000000022142756056310                         091000000980658829FRANCISCA MIRIAN SOUZA SANTOS PINHEIRO  00000000000000000000003500000000013                 
7560001300020U 090000000000000000000000000000000000000000000000000000000000000000000000000000000000000000000000000000000000000000000000001209202412092024    00000000000000000000000                       781402375600000000000000000000       
7560001300021T 0905631000000200644540000025939601011     136244170400000015032024000000000018656756056310                         091000016027907878MARCIA SAPATA DA SILVA                  00000000000000000000003500000000013                 
7560001300022U 090000000000000000000000000000000000000000000000000000000000000000000000000000000000000000000000000000000000000000000000001209202412092024    00000000000000000000000                       781402475600000000000000000000       
7560001300023T 0905631000000200644540000025945001011     137367685000000015032024000000000029589756056310                         091000040434550892BRUNO FERRAZ PEREIRA                    00000000000000000000003500000000013                 
7560001300024U 090000000000000000000000000000000000000000000000000000000000000000000000000000000000000000000000000000000000000000000000001209202412092024    00000000000000000000000                       781402575600000000000000000000       
7560001300025T 0905631000000200644540000025988701011     141635202300000015032024000000000015000756056310                         091000052570518859VITOR VIEIRA ALBUQUERQUE                00000000000000000000003500000000013                 
7560001300026U 090000000000000000000000000000000000000000000000000000000000000000000000000000000000000000000000000000000000000000000000001209202412092024    00000000000000000000000                       781402675600000000000000000000       
7560001300027T 0905631000000200644540000025989401011     141647202300000015032024000000000007000756056310                         091000052570518859VITOR VIEIRA ALBUQUERQUE                00000000000000000000003500000000013                 
7560001300028U 090000000000000000000000000000000000000000000000000000000000000000000000000000000000000000000000000000000000000000000000001209202412092024    00000000000000000000000                       781402775600000000000000000000       
7560001300029T 0605631000000200644540000027862201011     141010199300000015092024000000000019000001067610                         091000016909083865CATIA CIRLENE DE OLIVEIRA SANTOS        00000000000000000000003500000000004                 
7560001300030U 060000000000000000000000000000000000000000000000000000000000000000000000190000000000000190000000000000000000000000000000001209202412092024    00000000000000000000000                       781207875600000000000000000000       
7560001300031T 0605631000000200644540000028032601011     143777210900000030092024000000000023000033010360                         091000029447536816JANAINE CIRILA SILVA                    00000000000000000000003500000000004                 
7560001300032U 060000000000000000000000000000000000000000000000000000000000000000000000230000000000000230000000000000000000000000000000001209202412092024    00000000000000000000000                       781424775600000000000000000000       
7560001300033T 0605631000000200644540000028051601011     139905127700000025092024000000000036729001058030                         091000054691277889GABRIEL NOGUEIRA MARTINS ALVARENGA      00000000000000000000003500000000004                 
7560001300034U 060000000000000000000000000000000000000000000000000000000000000000000000367290000000000367290000000000000000000000000000001209202412092024    00000000000000000000000                       781409175600000000000000000000       
75600015         00003600001700000000000304533000000000000000000000000000000000000000000000000000000000000000000000                                                                                                                             
75699999         000001000038000000                                                                                                                                                                                                             
