75600000         219895217000135                    05631000000200644540IWS CURSOS DE IDIOMAS LTDA    SICOOB                                  20407202409011000134908500000                                                                     
75600011T01  043 2019895217000135          563100002405631000000200644540IWS CURSOS DE IDIOMAS LTDA                                                                                    000000000407202400000000                                 
7560001300001T 0605631000000200644540000027275701011     140227122700000015072024000000000017140341007410                         091000006332290838ROSANA DE PAULO                         00000000000000000000003500000000004                 
7560001300002U 060000000000000000000000000000000000000000000000000000000000000000000000171400000000000171400000000000000000000000000000000307202403072024    00000000000000000000000                       762200775600000000000000000000       
75600015         00000400000100000000000017140000000000000000000000000000000000000000000000000000000000000000000000                                                                                                                             
75699999         000001000006000000                                                                                                                                                                                                             
