75600000         219895217000135                    05631000000200644540IWS CURSOS DE IDIOMAS LTDA    SICOOB                                  22612202415510300145408500000                                                                     
75600011T01  043 2019895217000135          563100002405631000000200644540IWS CURSOS DE IDIOMAS LTDA                                                                                    000000002612202400000000                                 
7560001300001T 0905631000000200644540000027035901011     140853190500000025062024000000000019080756056310                         091000027567853850CRISTIANE DORNAS PANHOTTA ARAUJO        00000000000000000000003500000000013                 
7560001300002U 090000000000000000000000000000000000000000000000000000000000000000000000000000000000000000000000000000000000000000000000002312202423122024    00000000000000000000000                       808027675600000000000000000000       
7560001300003T 0905631000000200644540000027041301011     139902127700000025062024000000000036729756056310                         091000054691277889GABRIEL NOGUEIRA MARTINS ALVARENGA      00000000000000000000003500000000013                 
7560001300004U 090000000000000000000000000000000000000000000000000000000000000000000000000000000000000000000000000000000000000000000000002312202423122024    00000000000000000000000                       808027875600000000000000000000       
7560001300005T 0605631000000200644540000028882901011     139564197400000025122024000000000018000104002500                         091000028682214830MARCIA SILVA BONFIM DE SOUZA            00000000000000000000003500000000004                 
7560001300006U 060000000000000000000000000000000000000000000000000000000000000000000000180000000000000180000000000000000000000000000000002312202423122024    00000000000000000000000                       807916075600000000000000000000       
7560001300007T 0605631000000200644540000028899301011     139848189400000020122024000000000025440033010360                         091000032198572800EVANDRO CARDOSO SOUZA                   00000000000000000000003500000000004                 
7560001300008U 060000000000005330000000000000000000000000000000000000000000000000000000259730000000000259730000000000000000000000000000002312202423122024    00000000000000000000000                       807873075600000000000000000000       
7560001300009T 0605631000000200644540000028900701011     139860189400000020122024000000000025440033010360                         091000032198572800EVANDRO CARDOSO SOUZA                   00000000000000000000003500000000004                 
7560001300010U 060000000000005330000000000000000000000000000000000000000000000000000000259730000000000259730000000000000000000000000000002312202423122024    00000000000000000000000                       807921675600000000000000000000       
7560001300011T 0605631000000200644540000028909201011     139178181300000025122024000000000018985104002500                         091000028682214830MARCIA SILVA BONFIM DE SOUZA            00000000000000000000003500000000004                 
7560001300012U 060000000000000000000000000000000000000000000000000000000000000000000000189850000000000189850000000000000000000000000000002312202423122024    00000000000000000000000                       807852575600000000000000000000       
7560001300013T 0605631000000200644540000028925001011     142973207200000030122024000000000034320341051410                         091000010402298918LUIGI SILVA FILIPPETTO                  00000000000000000000000000000000004                 
7560001300014U 060000000000000000000000000000000000000000000000000000000000000000000000343200000000000343200000000000000000000000000000002612202426122024    00000000000000000000000                       808580075600000000000000000000       
7560001300015T 0605631000000200644540000028943301011     139454125900000025122024000000000037100033029860                         091000041028268823RODRIGO SANTIEGO DA SILVA               00000000000000000000000000000000004                 
7560001300016U 060000000000000000000000000000000000000000000000000000000000000000000000371000000000000371000000000000000000000000000000002612202426122024    00000000000000000000000                       808594575600000000000000000000       
7560001300017T 0605631000000200644540000028949701011     143707210300000020122024000000000026700341016000                         091000054195109876WANESSA MORAES                          00000000000000000000003500000000004                 
7560001300018U 060000000000005610000000000000000000000000000000000000000000000000000000272610000000000272610000000000000000000000000000002312202423122024    00000000000000000000000                       807889575600000000000000000000       
7560001300019T 0605631000000200644540000029043601011     145277942000000025122024000000000032500341040990                         091000015450028865ELISABETE JOIA MINELLI CAMPOS           00000000000000000000003500000000004                 
7560001300020U 060000000000000000000000000000000000000000000000000000000000000000000000325000000000000325000000000000000000000000000000002312202423122024    00000000000000000000000                       807893575600000000000000000000       
75600015         00002200001000000000000274294000000000000000000000000000000000000000000000000000000000000000000000                                                                                                                             
75699999         000001000024000000                                                                                                                                                                                                             
