75600000         219895217000135                    05631000000200644540IWS CURSOS DE IDIOMAS LTDA    SICOOB                                  22401202509214400147008500000                                                                     
75600011T01  043 2019895217000135          563100002405631000000200644540IWS CURSOS DE IDIOMAS LTDA                                                                                    000000002401202500000000                                 
7560001300001T 0605631000000200644540000029286601011     143781210900000030012025000000000023000033010360                         091000029447536816JANAINE CIRILA SILVA                    00000000000000000000003500000000004                 
7560001300002U 060000000000000000000000000000000000000000000000000000000000000000000000230000000000000230000000000000000000000000000000002301202523012025    00000000000000000000000                       815971875600000000000000000000       
75600015         00000400000100000000000023000000000000000000000000000000000000000000000000000000000000000000000000                                                                                                                             
75699999         000001000006000000                                                                                                                                                                                                             
