75600000         232970660000191                    05631000000200980140EDUULMC CURSOS DE IDIOMAS LTDASICOOB                                  21810202409241500091808500000                                                                     
75600011T01  043 2032970660000191          563100002405631000000200980140EDUULMC CURSOS DE IDIOMAS LTDA                                                                                000000001810202400000000                                 
7560001300001T 0605631000000200980140000028365401011     140665166300000020102024000000000025000341050810                         091000029424248857ELIEZER QUEIROZ JUNIOR                  00000000000000000000003500000000004                 
7560001300002U 060000000000000000000000000000000000000000000000000000000000000000000000250000000000000250000000000000000000000000000000001710202417102024    00000000000000000000000                       790500575600000000000000000000       
75600015         00000400000100000000000025000000000000000000000000000000000000000000000000000000000000000000000000                                                                                                                             
75699999         000001000006000000                                                                                                                                                                                                             
