75600000         219895217000135                    05631000000200644540IWS CURSOS DE IDIOMAS LTDA    SICOOB                                  22907202408425500136008500000                                                                     
75600011T01  043 2019895217000135          563100002405631000000200644540IWS CURSOS DE IDIOMAS LTDA                                                                                    000000002907202400000000                                 
7560001300001T 0605631000000200644540000027351201011     139077188400000025072024000000000043460341096270                         091000033081822890DANIEL RIBEIRO NOGUEIRA PORTO           00000000000000000000003500000000004                 
7560001300002U 060000000000009250000000000000000000000000000000000000000000000000000000443850000000000443850000000000000000000000000000002607202426072024    00000000000000000000000                       768436175600000000000000000000       
75600015         00000400000100000000000043460000000000000000000000000000000000000000000000000000000000000000000000                                                                                                                             
75699999         000001000006000000                                                                                                                                                                                                             
