75600000         232970660000191                    05631000000200980140EDUULMC CURSOS DE IDIOMAS LTDASICOOB                                  20909202409211500089908500000                                                                     
75600011T01  043 2032970660000191          563100002405631000000200980140EDUULMC CURSOS DE IDIOMAS LTDA                                                                                000000000909202400000000                                 
7560001300001T 0605631000000200980140000027930901011     143464208300000010092024000000000028302341037550                         091000003365904158CAMILA FERREIRA PEREIRA SILVA           00000000000000000000003500000000004                 
7560001300002U 060000000000000000000000000000000000000000000000000000000000000000000000283020000000000283020000000000000000000000000000000609202406092024    00000000000000000000000                       779065675600000000000000000000       
7560001300003T 0605631000000200980140000027940201011     142125725000000010092024000000000018539033035440                         091000003567487825NABOR ALVES MONTEIRO                    00000000000000000000003500000000004                 
7560001300004U 060000000000000000000000000000000000000000000000000000000000000000000000185390000000000185390000000000000000000000000000000609202406092024    00000000000000000000000                       779056475600000000000000000000       
75600015         00000600000200000000000046841000000000000000000000000000000000000000000000000000000000000000000000                                                                                                                             
75699999         000001000008000000                                                                                                                                                                                                             
