75600000         219895217000135                    05631000000200644540IWS CURSOS DE IDIOMAS LTDA    SICOOB                                  22111202408424200143208500000                                                                     
75600011T01  043 2019895217000135          563100002405631000000200644540IWS CURSOS DE IDIOMAS LTDA                                                                                    000000002111202400000000                                 
7560001300001T 0605631000000200644540000028709901011     139907127700000025112024000000000036729001058030                         091000054691277889GABRIEL NOGUEIRA MARTINS ALVARENGA      00000000000000000000003500000000004                 
7560001300002U 060000000000000000000000000000000000000000000000000000000000000000000000367290000000000367290000000000000000000000000000001911202419112024    00000000000000000000000                       798508375600000000000000000000       
7560001300003T 0605631000000200644540000028739001011     144630215400000030112024000000000007500260000010                         091000047770715881REBECA LOPES GOMES                      00000000000000000000003500000000004                 
7560001300004U 060000000000000000000000000000000000000000000000000000000000000000000000075000000000000075000000000000000000000000000000001911202419112024    00000000000000000000000                       798738175600000000000000000000       
75600015         00000600000200000000000044229000000000000000000000000000000000000000000000000000000000000000000000                                                                                                                             
75699999         000001000008000000                                                                                                                                                                                                             
