75600000         232970660000191                    05631000000200980140EDUULMC CURSOS DE IDIOMAS LTDASICOOB                                  20907202416500200086908500000                                                                     
75600011T01  043 2032970660000191          563100002405631000000200980140EDUULMC CURSOS DE IDIOMAS LTDA                                                                                000000000907202400000000                                 
7560001300001T 0605631000000200980140000027219401011     138993183300000010072024000000000033920341037670                         091000034222814873ADELE JANDIRA HAIDAR PERUCHE            00000000000000000000003500000000004                 
7560001300002U 060000000000000000000000000000000000000000000000000000000000000000000000339200000000000339200000000000000000000000000000000807202408072024    00000000000000000000000                       763563575600000000000000000000       
7560001300003T 0605631000000200980140000027224101011     141794203500000010072024000000000021000033009000                         091000014217408854RUTH PEREIRA FILHA SGROIA               00000000000000000000000000000000004                 
7560001300004U 060000000000000000000000000000000000000000000000000000000000000000000000210000000000000210000000000000000000000000000000000907202409072024    00000000000000000000000                       763773675600000000000000000000       
7560001300005T 0605631000000200980140000027235201011     142147173800000010072024000000000016517001047520                         091000050020255870VITOR ANTUNES PEREIRA                   00000000000000000000000000000000004                 
7560001300006U 060000000000000000000000000000000000000000000000000000000000000000000000165170000000000165170000000000000000000000000000000907202409072024    00000000000000000000000                       763760075600000000000000000000       
75600015         00000800000300000000000071437000000000000000000000000000000000000000000000000000000000000000000000                                                                                                                             
75699999         000001000010000000                                                                                                                                                                                                             
