75600000         232970660000191                    05631000000200980140EDUULMC CURSOS DE IDIOMAS LTDASICOOB                                  20212202409023700093508500000                                                                     
75600011T01  043 2032970660000191          563100002405631000000200980140EDUULMC CURSOS DE IDIOMAS LTDA                                                                                000000000212202400000000                                 
7560001300001T 0605631000000200980140000028728901011     142031153000000030112024000000000034607001070250                         091000047064514850FERNANDO VASCONDE DE ARRUDA             00000000000000000000003500000000004                 
7560001300002U 060000000000000000000000000000000000000000000000000000000000000000000000346070000000000346070000000000000000000000000000002911202429112024    00000000000000000000000                       801173075600000000000000000000       
7560001300003T 0605631000000200980140000028843101011     139812151900000005122024000000000033920341093010                         091000016426937827ELISANGELA LOPES CASSOLATO              00000000000000000000003500000000004                 
7560001300004U 060000000000000000000000000000000000000000000000000000000000000000000000339200000000000339200000000000000000000000000000002911202429112024    00000000000000000000000                       801203575600000000000000000000       
75600015         00000600000200000000000068527000000000000000000000000000000000000000000000000000000000000000000000                                                                                                                             
75699999         000001000008000000                                                                                                                                                                                                             
