75600000         219895217000135                    05631000000200644540IWS CURSOS DE IDIOMAS LTDA    SICOOB                                  20611202408233700142508500000                                                                     
75600011T01  043 2019895217000135          563100002405631000000200644540IWS CURSOS DE IDIOMAS LTDA                                                                                    000000000611202400000000                                 
7560001300001T 0605631000000200644540000028426901011     140493198800000005112024000000000078800033008210                         091000039743835814HUDSON CARDOSO DE OLIVEIRA              00000000000000000000003500000000004                 
7560001300002U 060000000000000000000000000000000000000000000000000000000000000000000000788000000000000788000000000000000000000000000000000511202405112024    00000000000000000000000                       794273775600000000000000000000       
7560001300003T 0605631000000200644540000028433001011     143927202100000005112024000000000007500033010360                         091000029247398886ANGELA MARIA DIAS DOS REIS              00000000000000000000003500000000004                 
7560001300004U 060000000000000000000000000000000000000000000000000000000000000000000000075000000000000075000000000000000000000000000000000511202405112024    00000000000000000000000                       794273975600000000000000000000       
7560001300005T 0605631000000200644540000028442701011     139823183100000005112024000000000028302033010360                         091000034078049893ELLEN DOS SANTOS FRANCO                 00000000000000000000003500000000004                 
7560001300006U 060000000000000000000000000000000000000000000000000000000000000000000000283020000000000283020000000000000000000000000000000511202405112024    00000000000000000000000                       794316275600000000000000000000       
7560001300007T 0605631000000200644540000028453801011     139943185000000005112024000000000024380237020030                         091000008563118803SIMONE SOARES ZUANETTI                  00000000000000000000003500000000004                 
7560001300008U 060000000000000000000000000000000000000000000000000000000000000000000000243800000000000243800000000000000000000000000000000511202405112024    00000000000000000000000                       794268375600000000000000000000       
7560001300009T 0605631000000200644540000028455201011     139967185200000005112024000000000021094237020030                         091000008563118803SIMONE SOARES ZUANETTI                  00000000000000000000003500000000004                 
7560001300010U 060000000000000000000000000000000000000000000000000000000000000000000000210940000000000210940000000000000000000000000000000511202405112024    00000000000000000000000                       794314775600000000000000000000       
7560001300011T 0605631000000200644540000028475001011     140243181900000005112024000000000024804237005930                         091000028597539828ROSANGELA DE LOURDES MENDES             00000000000000000000003500000000004                 
7560001300012U 060000000000000000000000000000000000000000000000000000000000000000000000248040000000000248040000000000000000000000000000000511202405112024    00000000000000000000000                       794445975600000000000000000000       
7560001300013T 0605631000000200644540000028489201011     139045840000000005112024000000000023320341062410                         091000015257641879CARLOS ALEXANDRE RIBEIRINHO             00000000000000000000003500000000004                 
7560001300014U 060000000000000000000000000000000000000000000000000000000000000000000000233200000000000233200000000000000000000000000000000511202405112024    00000000000000000000000                       794291775600000000000000000000       
7560001300015T 0605631000000200644540000028491801011     141456694000000005112024000000000038154033017840                         091000036768656856CINTIA DEZASSO QUINI                    00000000000000000000003500000000004                 
7560001300016U 060000000000000000000000000000000000000000000000000000000000000000000000381540000000000381540000000000000000000000000000000511202405112024    00000000000000000000000                       794454375600000000000000000000       
7560001300017T 0605631000000200644540000028494001011     142454153200000005112024000000000037100341062410                         091000015257641879CARLOS ALEXANDRE RIBEIRINHO             00000000000000000000003500000000004                 
7560001300018U 060000000000000000000000000000000000000000000000000000000000000000000000371000000000000371000000000000000000000000000000000511202405112024    00000000000000000000000                       794321675600000000000000000000       
75600015         00002000000900000000000283454000000000000000000000000000000000000000000000000000000000000000000000                                                                                                                             
75699999         000001000022000000                                                                                                                                                                                                             
