75600000         219895217000135                    05631000000200644540IWS CURSOS DE IDIOMAS LTDA    SICOOB                                  20810202410463100140708500000                                                                     
75600011T01  043 2019895217000135          563100002405631000000200644540IWS CURSOS DE IDIOMAS LTDA                                                                                    000000000810202400000000                                 
7560001300001T 0605631000000200644540000028034001011     143015207400000030092024000000000070400033009190                         091000022974269842GRACIELLE DE SOUSA ANDRADE              00000000000000000000003500000000004                 
7560001300002U 060000000000015690000000000000000000000000000000000000000000000000000000719690000000000719690000000000000000000000000000000710202407102024    00000000000000000000000                       786953975600000000000000000000       
7560001300003T 0605631000000200644540000028088801011     140492198800000005102024000000000078800033008210                         091000039743835814HUDSON CARDOSO DE OLIVEIRA              00000000000000000000003500000000004                 
7560001300004U 060000000000000000000000000000000000000000000000000000000000000000000000788000000000000788000000000000000000000000000000000710202407102024    00000000000000000000000                       786660375600000000000000000000       
7560001300005T 0605631000000200644540000028093501011     139822183100000005102024000000000026962033010360                         091000034078049893ELLEN DOS SANTOS FRANCO                 00000000000000000000003500000000004                 
7560001300006U 060000000000000000000000000000000000000000000000000000000000000000000000269620000000000269620000000000000000000000000000000710202407102024    00000000000000000000000                       786664575600000000000000000000       
7560001300007T 0605631000000200644540000028095001011     139894181000000005102024000000000021200104032780                         091000029619296877DEBORA DO CARMO ALVES DA SILVA          00000000000000000000003500000000004                 
7560001300008U 060000000000000000000000000000000000000000000000000000000000000000000000212000000000000212000000000000000000000000000000000710202407102024    00000000000000000000000                       786677175600000000000000000000       
7560001300009T 0605631000000200644540000028096701011     139942185000000005102024000000000024380237020030                         091000008563118803SIMONE SOARES ZUANETTI                  00000000000000000000003500000000004                 
7560001300010U 060000000000000000000000000000000000000000000000000000000000000000000000243800000000000243800000000000000000000000000000000710202407102024    00000000000000000000000                       786670175600000000000000000000       
7560001300011T 0605631000000200644540000028098101011     139966185200000005102024000000000021094237020030                         091000008563118803SIMONE SOARES ZUANETTI                  00000000000000000000003500000000004                 
7560001300012U 060000000000000000000000000000000000000000000000000000000000000000000000210940000000000210940000000000000000000000000000000710202407102024    00000000000000000000000                       786881375600000000000000000000       
7560001300013T 0605631000000200644540000028105901011     140242181900000005102024000000000024804237005930                         091000028597539828ROSANGELA DE LOURDES MENDES             00000000000000000000003500000000004                 
7560001300014U 060000000000000000000000000000000000000000000000000000000000000000000000248040000000000248040000000000000000000000000000000710202407102024    00000000000000000000000                       786960075600000000000000000000       
7560001300015T 0605631000000200644540000028138101011     139629183700000010102024000000000019080079000010                         091000016695147817RENATO BEZERRA SANTANA                  00000000000000000000003500000000004                 
7560001300016U 060000000000000000000000000000000000000000000000000000000000000000000000190800000000000190800000000000000000000000000000000710202407102024    00000000000000000000000                       786733075600000000000000000000       
7560001300017T 0605631000000200644540000028139901011     141419169700000010102024000000000030740341074230                         091000028580799864BRUNO LIGUORI PESCE                     00000000000000000000003500000000004                 
7560001300018U 060000000000000000000000000000000000000000000000000000000000000000000000307400000000000307400000000000000000000000000000000710202407102024    00000000000000000000000                       787180075600000000000000000000       
7560001300019T 0605631000000200644540000028142101011     139738184200000010102024000000000028302260000010                         091000040323474845CHRISTOPHER PAULO CRUZ                  00000000000000000000003500000000004                 
7560001300020U 060000000000000000000000000000000000000000000000000000000000000000000000283020000000000283020000000000000000000000000000000710202407102024    00000000000000000000000                       786895775600000000000000000000       
7560001300021T 0605631000000200644540000028146001011     143734210600000010102024000000000077440341008200                         091000033922017827EDUARDO LOURENCO SILVA                  00000000000000000000003500000000004                 
7560001300022U 060000000000000000000000000000000000000000000000000000000000000000000000774400000000000774400000000000000000000000000000000710202407102024    00000000000000000000000                       786651275600000000000000000000       
7560001300023T 0605631000000200644540000028147801011     143746210600000010102024000000000005000341008200                         091000033922017827EDUARDO LOURENCO SILVA                  00000000000000000000003500000000004                 
7560001300024U 060000000000000000000000000000000000000000000000000000000000000000000000050000000000000050000000000000000000000000000000000710202407102024    00000000000000000000000                       786876975600000000000000000000       
7560001300025T 0605631000000200644540000028150001011     143717210400000010102024000000000038000033000890                         091000035003158874GABRIELA CARVALHO                       00000000000000000000003500000000004                 
7560001300026U 060000000000000000000000000000000000000000000000000000000000000000000000380000000000000380000000000000000000000000000000000710202407102024    00000000000000000000000                       786665575600000000000000000000       
7560001300027T 0605631000000200644540000028161101011     143222178400000010102024000000000022472104040770                         091000025385360813BENEDITA BISPO DA HORA                  00000000000000000000003500000000004                 
7560001300028U 060000000000000000000000000000000000000000000000000000000000000000000000224720000000000224720000000000000000000000000000000710202407102024    00000000000000000000000                       786964875600000000000000000000       
7560001300029T 0605631000000200644540000028162901011     143648209800000010102024000000000055000341038090                         091000006694524838MARIA LUIZA ARDIZZONE ROSSI             00000000000000000000003500000000004                 
7560001300030U 060000000000000000000000000000000000000000000000000000000000000000000000550000000000000550000000000000000000000000000000000710202407102024    00000000000000000000000                       786803975600000000000000000000       
7560001300031T 0605631000000200644540000028178601011     142651140000000010102024000000000028090341006460                         091000048087608860BIANCA OLIVEIRA SILVA                   00000000000000000000003500000000004                 
7560001300032U 060000000000000000000000000000000000000000000000000000000000000000000000280900000000000280900000000000000000000000000000000710202407102024    00000000000000000000000                       786651675600000000000000000000       
7560001300033T 0605631000000200644540000028271701011     138888124200000015102024000000000036729237001560                         091000017129471840LISANDRA MARQUES ALISEDA SEDRANI        00000000000000000000003500000000004                 
7560001300034U 060000000000000000000000000000000000000000000000000000000000000000000000367290000000000367290000000000000000000000000000000710202407102024    00000000000000000000000                       787170375600000000000000000000       
75600015         00003600001700000000000608493000000000000000000000000000000000000000000000000000000000000000000000                                                                                                                             
75699999         000001000038000000                                                                                                                                                                                                             
