75600000         219895217000135                    05631000000200644540IWS CURSOS DE IDIOMAS LTDA    SICOOB                                  22911202410015200143708500000                                                                     
75600011T01  043 2019895217000135          563100002405631000000200644540IWS CURSOS DE IDIOMAS LTDA                                                                                    000000002911202400000000                                 
7560001300001T 0905631000000200644540000026761401011     140349197700000031052024000000000018000756056310                         091000005159507426JOSE ALAN GALINDO PEREIRA               00000000000000000000003500000000013                 
7560001300002U 090000000000000000000000000000000000000000000000000000000000000000000000000000000000000000000000000000000000000000000000002811202428112024    00000000000000000000000                       801145875600000000000000000000       
7560001300003T 0905631000000200644540000026784301011     138835183800000031052024000000000035000756056310                         091000042637520582JOSE LUCIANO TRANZILLO DOS SANTOS       00000000000000000000003500000000013                 
7560001300004U 090000000000000000000000000000000000000000000000000000000000000000000000000000000000000000000000000000000000000000000000002811202428112024    00000000000000000000000                       801146275600000000000000000000       
7560001300005T 0605631000000200644540000028699001011     144580215300000030112024000000000024700341091700                         091000064095061804MARIA CARNEIRO DE ANDRADE               00000000000000000000003500000000004                 
7560001300006U 060000000000000000000000000000000000000000000000000000000000000000000000247000000000000247000000000000000000000000000000002811202428112024    00000000000000000000000                       800942275600000000000000000000       
7560001300007T 0605631000000200644540000028714601011     139501128200000030112024000000000040810260000010                         091000041725138832ULISSES TIAGO DO NASCIMENTO FIGUEIREDO G00000000000000000000003500000000004                 
7560001300008U 060000000000000000000000000000000000000000000000000000000000000000000000408100000000000408100000000000000000000000000000002811202428112024    00000000000000000000000                       801014775600000000000000000000       
7560001300009T 0605631000000200644540000028793801011     140931102200000005122024000000000032629077000010                         091000043704621854VICTOR TONETTO MARQUES                  00000000000000000000003500000000004                 
7560001300010U 060000000000000000000000000000000000000000000000000000000000000000000000326290000000000326290000000000000000000000000000002811202428112024    00000000000000000000000                       800988775600000000000000000000       
75600015         00001200000500000000000151139000000000000000000000000000000000000000000000000000000000000000000000                                                                                                                             
75699999         000001000014000000                                                                                                                                                                                                             
