75600000         229492820000120                    05631000000200873060ANEXA IDIOMAS LTDA            SICOOB                                  22708202408424600111508500000                                                                     
75600011T01  043 2029492820000120          563100002405631000000200873060ANEXA IDIOMAS LTDA                                                                                            000000002708202400000000                                 
7560001300001T 0905631000000200873060000025737501011     137030111500000025022024000000000028620756056310                         091000098449648491MARIA HELENA DOS REIS                   00000000000000000000003500000000013                 
7560001300002U 090000000000000000000000000000000000000000000000000000000000000000000000000000000000000000000000000000000000000000000000002608202426082024    00000000000000000000000                       776289275600000000000000000000       
7560001300003T 0605631000000200873060000027654701011     141126200000000020082024000000000035200033020620                         091000032243380838NADLA ARAUJO DA SILVA                   00000000000000000000003500000000004                 
7560001300004U 060000000000007760000000000000000000000000000000000000000000000000000000359760000000000359760000000000000000000000000000002608202426082024    00000000000000000000000                       776107375600000000000000000000       
7560001300005T 0605631000000200873060000027716901011     139234127000000030082024000000000017750033036290                         091000073446530363ANTONIO IRAILSON BEZERRA SABOIA         00000000000000000000003500000000004                 
7560001300006U 060000000000000000000000000000000000000000000000000000000000000000000000177500000000000177500000000000000000000000000000002608202426082024    00000000000000000000000                       776073175600000000000000000000       
7560001300007T 0605631000000200873060000027718301011     142415111500000025082024000000000030337033029800                         091000098449648491MARIA HELENA DOS REIS                   00000000000000000000003500000000004                 
7560001300008U 060000000000000000000000000000000000000000000000000000000000000000000000303370000000000303370000000000000000000000000000002608202426082024    00000000000000000000000                       776042475600000000000000000000       
7560001300009T 0605631000000200873060000027725501011     140276133700000025082024000000000017490237011930                         091000034193427803EDVANIA SILVA PEREIRA                   00000000000000000000003500000000004                 
7560001300010U 060000000000000000000000000000000000000000000000000000000000000000000000174900000000000174900000000000000000000000000000002608202426082024    00000000000000000000000                       776488075600000000000000000000       
75600015         00001200000500000000000129397000000000000000000000000000000000000000000000000000000000000000000000                                                                                                                             
75699999         000001000014000000                                                                                                                                                                                                             
