75600000         229492820000120                    05631000000200873060ANEXA IDIOMAS LTDA            SICOOB                                  23101202509214300119208500000                                                                     
75600011T01  043 2029492820000120          563100002405631000000200873060ANEXA IDIOMAS LTDA                                                                                            000000003101202500000000                                 
7560001300001T 0605631000000200873060000029310601011     144734197300000001022025000000000018974341037970                         091000034063550800ADRIANO CARNEVALI FERRO                 00000000000000000000003500000000004                 
7560001300002U 060000000000000000000000000000000000000000000000000000000000000000000000189740000000000189740000000000000000000000000000003001202530012025    00000000000000000000000                       817379875600000000000000000000       
7560001300003T 0605631000000200873060000029315201011     144007206300000030012025000000000029998033022710                         091000044608181831LUANA HELENA BOM FARIAS                 00000000000000000000003500000000004                 
7560001300004U 060000000000000000000000000000000000000000000000000000000000000000000000299980000000000299980000000000000000000000000000003001202530012025    00000000000000000000000                       817475875600000000000000000000       
7560001300005T 0605631000000200873060000029320001011     140559199500000031012025000000000035200341049030                         091000052635208832VICTOR GASPARINO BARBOSA                00000000000000000000003500000000004                 
7560001300006U 060000000000000000000000000000000000000000000000000000000000000000000000352000000000000352000000000000000000000000000000003001202530012025    00000000000000000000000                       817484475600000000000000000000       
7560001300007T 0605631000000200873060000029362901011     146103216300000005022025000000000038720341005590                         091000027800084825CLAUDIA MACEDO DE SOUZA                 00000000000000000000003500000000004                 
7560001300008U 060000000000000000000000000000000000000000000000000000000000000000000000387200000000000387200000000000000000000000000000003001202530012025    00000000000000000000000                       817480475600000000000000000000       
7560001300009T 0605631000000200873060000029437601011     145166208000000010022025000000000023532033000600                         091000034253088821DRYELLE SOUSA SAMPAIO                   00000000000000000000003500000000004                 
7560001300010U 060000000000000000000000000000000000000000000000000000000000000000000000235320000000000235320000000000000000000000000000003001202530012025    00000000000000000000000                       817505975600000000000000000000       
75600015         00001200000500000000000146424000000000000000000000000000000000000000000000000000000000000000000000                                                                                                                             
75699999         000001000014000000                                                                                                                                                                                                             
