75600000         219895217000135                    05631000000200644540IWS CURSOS DE IDIOMAS LTDA    SICOOB                                  21105202410423000131908500000                                                                     
75600011T01  043 2019895217000135          563100002405631000000200644540IWS CURSOS DE IDIOMAS LTDA                                                                                    000000001105202400000000                                 
7560001300001T 0605631000000200644540000026475101011     138240120100000010052024000000000032648033002360                         091000037917191818JACQUELINE ALVES TAMURA                 00000000000000000000003500000000004                 
7560001300002U 060000000000000000000000000000000000000000000000000000000000000000000000326480000000000326480000000000000000000000000000001005202410052024    00000000000000000000000                       748545075600000000000000000000       
7560001300003T 0605631000000200644540000026476901011     140792100900000015052024000000000007416237025200                         091000001652584625JOSE ARGENTINO DE OLIVEIRA NETO         00000000000000000000003500000000004                 
7560001300004U 060000000000000000000000000000000000000000000000000000000000000000000000074160000000000074160000000000000000000000000000001005202410052024    00000000000000000000000                       748549475600000000000000000000       
7560001300005T 0605631000000200644540000026489401011     140461198600000010052024000000000026700001070710                         091000013507076861ALEXANDRE LEAO LUCCHESI                 00000000000000000000003500000000004                 
7560001300006U 060000000000000000000000000000000000000000000000000000000000000000000000267000000000000267000000000000000000000000000000001005202410052024    00000000000000000000000                       748569175600000000000000000000       
7560001300007T 0605631000000200644540000026517601011     137489256000000010052024000000000037312001067610                         091000007810479865IDERALDO ELMER RIBEIRO                  00000000000000000000003500000000004                 
7560001300008U 060000000000000000000000000000000000000000000000000000000000000000000000373120000000000373120000000000000000000000000000001005202410052024    00000000000000000000000                       748570075600000000000000000000       
7560001300009T 0605631000000200644540000026518301011     137009138800000005052024000000000045000104030410                         091000027156202847DEBORA FERREIRA TRINDADE                00000000000000000000003500000000004                 
7560001300010U 060000000000009750000000000000000000000000000000000000000000000000000000459750000000000459750000000000000000000000000000001005202410052024    00000000000000000000000                       748859275600000000000000000000       
7560001300011T 0605631000000200644540000026526201011     138668196400000010052024000000000030000033001540                         091000036299312866LETICIA RAMOS SHINKAI                   00000000000000000000003500000000004                 
7560001300012U 060000000000000000000000000000000000000000000000000000000000000000000000300000000000000300000000000000000000000000000000001005202410052024    00000000000000000000000                       748934975600000000000000000000       
7560001300013T 0605631000000200644540000026545201011     140864190000000010052024000000000022260341038090                         091000008563118803SIMONE SOARES ZUANETTI                  00000000000000000000003500000000004                 
7560001300014U 060000000000000000000000000000000000000000000000000000000000000000000000222600000000000222600000000000000000000000000000001005202410052024    00000000000000000000000                       748730575600000000000000000000       
7560001300015T 0605631000000200644540000026556301011     139697134100000010052024000000000040810341040530                         091000017533829808CLEBER ANTONIO CHINELATO                00000000000000000000003500000000004                 
7560001300016U 060000000000000000000000000000000000000000000000000000000000000000000000408100000000000408100000000000000000000000000000001005202410052024    00000000000000000000000                       748700775600000000000000000000       
7560001300017T 0605631000000200644540000026559501011     139721134400000010052024000000000036729341040530                         091000017533829808CLEBER ANTONIO CHINELATO                00000000000000000000003500000000004                 
7560001300018U 060000000000000000000000000000000000000000000000000000000000000000000000367290000000000367290000000000000000000000000000001005202410052024    00000000000000000000000                       748742675600000000000000000000       
7560001300019T 0605631000000200644540000026561001011     140624128000000010052024000000000030905033001540                         091000098638726287DAN SHINKAI                             00000000000000000000003500000000004                 
7560001300020U 060000000000000000000000000000000000000000000000000000000000000000000000309050000000000309050000000000000000000000000000001005202410052024    00000000000000000000000                       748993175600000000000000000000       
7560001300021T 0605631000000200644540000026664401011     138158210000000010052024000000000443000341014800                         092004731867000178INNOVAPACK                              00000000000000000000003500000000004                 
7560001300022U 060000000000000000000000000000000000000000000000000000000000000000000004430000000000004430000000000000000000000000000000001005202410052024    00000000000000000000000                       748914075600000000000000000000       
7560001300023T 0605631000000200644540000026676201011     140189734000000020052024000000000004904341088130                         091000019605248875PEDRO FELICIANO DE ROSA                 00000000000000000000003500000000004                 
7560001300024U 060000000000000000000000000000000000000000000000000000000000000000000000049040000000000049040000000000000000000000000000001005202410052024    00000000000000000000000                       748774275600000000000000000000       
7560001300025T 0605631000000200644540000026783601011     141668191100000030052024000000000005000033035540                         091000042506963839ENILMA ALVES DOS SANTOS SILVA           00000000000000000000003500000000004                 
7560001300026U 060000000000000000000000000000000000000000000000000000000000000000000000050000000000000050000000000000000000000000000000001005202410052024    00000000000000000000000                       748540375600000000000000000000       
75600015         00002800001300000000000762684000000000000000000000000000000000000000000000000000000000000000000000                                                                                                                             
75699999         000001000030000000                                                                                                                                                                                                             
