75600000         229492820000120                    05631000000200873060ANEXA IDIOMAS LTDA            SICOOB                                  22205202408424100106408500000                                                                     
75600011T01  043 2029492820000120          563100002405631000000200873060ANEXA IDIOMAS LTDA                                                                                            000000002205202400000000                                 
7560001300001T 0605631000000200873060000026581501011     141462191700000005052024000000000039432341037470                         091000011682946819CLEBER JOSE RICARDO MARQUES             00000000000000000000003500000000004                 
7560001300002U 060000000000009970000000000000000000000000000000000000000000000000000000404290000000000404290000000000000000000000000000002105202421052024    00000000000000000000000                       751827275600000000000000000000       
7560001300003T 0605631000000200873060000026737401011     139159127200000025052024000000000023850341063110                         091000028642395826CARLA REGINA DE ARAUJO                  00000000000000000000003500000000004                 
7560001300004U 060000000000000000000000000000000000000000000000000000000000000000000000238500000000000238500000000000000000000000000000002105202421052024    00000000000000000000000                       751739775600000000000000000000       
7560001300005T 0605631000000200873060000026739901011     139387130700000025052024000000000023203623000010                         091000014930017874MARCOS DONIZETE DOS SANTOS              00000000000000000000003500000000004                 
7560001300006U 060000000000000000000000000000000000000000000000000000000000000000000000232030000000000232030000000000000000000000000000002105202421052024    00000000000000000000000                       751743375600000000000000000000       
75600015         00000800000300000000000086485000000000000000000000000000000000000000000000000000000000000000000000                                                                                                                             
75699999         000001000010000000                                                                                                                                                                                                             
