75600000         219895217000135                    05631000000200644540IWS CURSOS DE IDIOMAS LTDA    SICOOB                                  20110202409220500140108500000                                                                     
75600011T01  043 2019895217000135          563100002405631000000200644540IWS CURSOS DE IDIOMAS LTDA                                                                                    000000000110202400000000                                 
7560001300001T 0905631000000200644540000026066801011     140347197700000031032024000000000018000756056310                         091000005159507426JOSE ALAN GALINDO PEREIRA               00000000000000000000003500000000013                 
7560001300002U 090000000000000000000000000000000000000000000000000000000000000000000000000000000000000000000000000000000000000000000000003009202430092024    00000000000000000000000                       785459575600000000000000000000       
7560001300003T 0905631000000200644540000026083301011     138833183800000031032024000000000035000756056310                         091000042637520582JOSE LUCIANO TRANZILLO DOS SANTOS       00000000000000000000003500000000013                 
7560001300004U 090000000000000000000000000000000000000000000000000000000000000000000000000000000000000000000000000000000000000000000000003009202430092024    00000000000000000000000                       785460175600000000000000000000       
7560001300005T 0905631000000200644540000026148701011     138774590000000001042024000000000027620756056310                         091000035158681864ARIANE PLAGLIACCI GARITA                00000000000000000000003500000000013                 
7560001300006U 090000000000000000000000000000000000000000000000000000000000000000000000000000000000000000000000000000000000000000000000003009202430092024    00000000000000000000000                       785236275600000000000000000000       
7560001300007T 0605631000000200644540000028015001011     139079188400000025092024000000000043460341096270                         091000033081822890DANIEL RIBEIRO NOGUEIRA PORTO           00000000000000000000003500000000004                 
7560001300008U 060000000000009390000000000000000000000000000000000000000000000000000000443990000000000443990000000000000000000000000000003009202430092024    00000000000000000000000                       785120975600000000000000000000       
7560001300009T 0605631000000200644540000028020801011     143761210800000030092024000000000026700260000010                         091000048444666823ALYSON VINICIUS FREITAS DOS SANTOS      00000000000000000000003500000000004                 
7560001300010U 060000000000000000000000000000000000000000000000000000000000000000000000267000000000000267000000000000000000000000000000003009202430092024    00000000000000000000000                       785049575600000000000000000000       
7560001300011T 0605631000000200644540000028021501011     143772210800000030092024000000000007500260000010                         091000048444666823ALYSON VINICIUS FREITAS DOS SANTOS      00000000000000000000003500000000004                 
7560001300012U 060000000000000000000000000000000000000000000000000000000000000000000000075000000000000075000000000000000000000000000000003009202430092024    00000000000000000000000                       785049875600000000000000000000       
7560001300013T 0605631000000200644540000028022201011     142614195000000030092024000000000021000341014910                         091000044237668843AMERICO RICARDO COUTINHO DIAS           00000000000000000000003500000000004                 
7560001300014U 060000000000000000000000000000000000000000000000000000000000000000000000210000000000000210000000000000000000000000000000003009202430092024    00000000000000000000000                       785326575600000000000000000000       
7560001300015T 0605631000000200644540000028023001011     139617189600000030092024000000000025440260000010                         091000013037278897NORMA SUELY COUTO SANTANA               00000000000000000000003500000000004                 
7560001300016U 060000000000000000000000000000000000000000000000000000000000000000000000254400000000000254400000000000000000000000000000003009202430092024    00000000000000000000000                       785433675600000000000000000000       
7560001300017T 0605631000000200644540000028027901011     142698194900000030092024000000000021000033039610                         091000045242750880CAMILA CARVALHO BARBOSA NEVES DIAS      00000000000000000000003500000000004                 
7560001300018U 060000000000000000000000000000000000000000000000000000000000000000000000210000000000000210000000000000000000000000000000003009202430092024    00000000000000000000000                       785098275600000000000000000000       
7560001300019T 0605631000000200644540000028040501011     138839183800000030092024000000000035000237010430                         091000042637520582JOSE LUCIANO TRANZILLO DOS SANTOS       00000000000000000000003500000000004                 
7560001300020U 060000000000000000000000000000000000000000000000000000000000000000000000350000000000000350000000000000000000000000000000003009202430092024    00000000000000000000000                       785303175600000000000000000000       
7560001300021T 0605631000000200644540000028041201011     143839211300000030092024000000000038700001068150                         091000042656568897LAYANA BRITO LIMA                       00000000000000000000003500000000004                 
7560001300022U 060000000000000000000000000000000000000000000000000000000000000000000000387000000000000387000000000000000000000000000000003009202430092024    00000000000000000000000                       785289075600000000000000000000       
7560001300023T 0605631000000200644540000028042001011     142970207200000030092024000000000034320341051410                         091000010402298918LUIGI SILVA FILIPPETTO                  00000000000000000000003500000000004                 
7560001300024U 060000000000000000000000000000000000000000000000000000000000000000000000343200000000000343200000000000000000000000000000003009202430092024    00000000000000000000000                       785111775600000000000000000000       
7560001300025T 0605631000000200644540000028053001011     142089323000000030092024000000000025872341008660                         091000004471029908LEANDRO AUGUSTO CALIXTO                 00000000000000000000003500000000004                 
7560001300026U 060000000000000000000000000000000000000000000000000000000000000000000000258720000000000258720000000000000000000000000000003009202430092024    00000000000000000000000                       785104675600000000000000000000       
7560001300027T 0605631000000200644540000028054801011     143245389000000030092024000000000204016033021460                         091000011588248828MAURICIO MARTINELLI SILVA LUPERI        00000000000000000000003500000000004                 
7560001300028U 060000000000000000000000000000000000000000000000000000000000000000000002040160000000002040160000000000000000000000000000003009202430092024    00000000000000000000000                       785094375600000000000000000000       
7560001300029T 0605631000000200644540000028056201011     139499128200000030092024000000000040810260000010                         091000041725138832ULISSES TIAGO DO NASCIMENTO FIGUEIREDO G00000000000000000000003500000000004                 
7560001300030U 060000000000000000000000000000000000000000000000000000000000000000000000408100000000000408100000000000000000000000000000003009202430092024    00000000000000000000000                       785050175600000000000000000000       
7560001300031T 0605631000000200644540000028100201011     138769966000000005102024000000000032000033010360                         091000045489539810KETYLIN DOS SANTOS                      00000000000000000000003500000000004                 
7560001300032U 060000000000000000000000000000000000000000000000000000000000000000000000320000000000000320000000000000000000000000000000003009202430092024    00000000000000000000000                       785311675600000000000000000000       
7560001300033T 0605631000000200644540000028166801011     143588422000000010102024000000000033371104040800                         091000053378733853PEDRO TAMOTSU HARA                      00000000000000000000003500000000004                 
7560001300034U 060000000000000000000000000000000000000000000000000000000000000000000000333710000000000333710000000000000000000000000000003009202430092024    00000000000000000000000                       785080075600000000000000000000       
7560001300035T 0605631000000200644540000028181901011     140629128000000010102024000000000030905033001540                         091000098638726287DAN SHINKAI                             00000000000000000000003500000000004                 
7560001300036U 060000000000000000000000000000000000000000000000000000000000000000000000309050000000000309050000000000000000000000000000003009202430092024    00000000000000000000000                       785092175600000000000000000000       
75600015         00003800001800000000000700714000000000000000000000000000000000000000000000000000000000000000000000                                                                                                                             
75699999         000001000040000000                                                                                                                                                                                                             
