75600000         232970660000191                    05631000000200980140EDUULMC CURSOS DE IDIOMAS LTDASICOOB                                  22607202408423700087608500000                                                                     
75600011T01  043 2032970660000191          563100002405631000000200980140EDUULMC CURSOS DE IDIOMAS LTDA                                                                                000000002607202400000000                                 
7560001300001T 0605631000000200980140000027375901011     139197149800000025072024000000000029150237001220                         091000027893285877ANA PAULA HAMMERMEISTER GIMENES         00000000000000000000003500000000004                 
7560001300002U 060000000000000000000000000000000000000000000000000000000000000000000000291500000000000291500000000000000000000000000000002507202425072024    00000000000000000000000                       768241675600000000000000000000       
7560001300003T 0605631000000200980140000027376601011     142576149800000025072024000000000007500237001220                         091000027893285877ANA PAULA HAMMERMEISTER GIMENES         00000000000000000000003500000000004                 
7560001300004U 060000000000000000000000000000000000000000000000000000000000000000000000075000000000000075000000000000000000000000000000002507202425072024    00000000000000000000000                       768270975600000000000000000000       
75600015         00000600000200000000000036650000000000000000000000000000000000000000000000000000000000000000000000                                                                                                                             
75699999         000001000008000000                                                                                                                                                                                                             
