75600000         219895217000135                    05631000000200644540IWS CURSOS DE IDIOMAS LTDA    SICOOB                                  21501202509212000146508500000                                                                     
75600011T01  043 2019895217000135          563100002405631000000200644540IWS CURSOS DE IDIOMAS LTDA                                                                                    000000001501202500000000                                 
7560001300001T 0905631000000200644540000027423801011     137562177700000017072024000000000031800756056310                         091000032759330869LEANDRO MORENO BOFF                     00000000000000000000003500000000013                 
7560001300002U 090000000000000000000000000000000000000000000000000000000000000000000000000000000000000000000000000000000000000000000000001401202514012025    00000000000000000000000                       813850875600000000000000000000       
7560001300003T 0605631000000200644540000029109701011     141014199300000015012025000000000019000001067610                         091000016909083865CATIA CIRLENE DE OLIVEIRA SANTOS        00000000000000000000003500000000004                 
7560001300004U 060000000000000000000000000000000000000000000000000000000000000000000000190000000000000190000000000000000000000000000000001401202514012025    00000000000000000000000                       813754175600000000000000000000       
7560001300005T 0605631000000200644540000029279401011     143753210700000030012025000000000023000756043400                         091000022943219878CINTIA REGINA DE FREITAS                00000000000000000000003500000000006                 
7560001300006U 060000000000000000000000000000000000000000000000000000000000000000000000230000000000000230000000000000000000000000000000001401202514012025    00000000000000000000000                       813871875600000000000000000000       
7560001300007T 0605631000000200644540000029280201011     142666720000000025012025000000000039551104040420                         091000033774740801BRUNA BRITO DE MIRANDA                  00000000000000000000003500000000004                 
7560001300008U 060000000000000000000000000000000000000000000000000000000000000000000000395510000000000395510000000000000000000000000000001401202514012025    00000000000000000000000                       813602775600000000000000000000       
75600015         00001000000400000000000113351000000000000000000000000000000000000000000000000000000000000000000000                                                                                                                             
75699999         000001000012000000                                                                                                                                                                                                             
