75600000         219895217000135                    05631000000200644540IWS CURSOS DE IDIOMAS LTDA    SICOOB                                  20609202409225100138708500000                                                                     
75600011T01  043 2019895217000135          563100002405631000000200644540IWS CURSOS DE IDIOMAS LTDA                                                                                    000000000609202400000000                                 
7560001300001T 0605631000000200644540000027751001011     140491198800000005092024000000000078800033008210                         091000039743835814HUDSON CARDOSO DE OLIVEIRA              00000000000000000000003500000000004                 
7560001300002U 060000000000000000000000000000000000000000000000000000000000000000000000788000000000000788000000000000000000000000000000000509202405092024    00000000000000000000000                       778671875600000000000000000000       
7560001300003T 0605631000000200644540000027761301011     139965185200000005092024000000000021094237020030                         091000008563118803SIMONE SOARES ZUANETTI                  00000000000000000000003500000000004                 
7560001300004U 060000000000000000000000000000000000000000000000000000000000000000000000210940000000000210940000000000000000000000000000000509202405092024    00000000000000000000000                       778664875600000000000000000000       
7560001300005T 0605631000000200644540000027762001011     141804138800000005092024000000000045000104030410                         091000027156202847DEBORA FERREIRA TRINDADE                00000000000000000000003500000000004                 
7560001300006U 060000000000000000000000000000000000000000000000000000000000000000000000450000000000000450000000000000000000000000000000000509202405092024    00000000000000000000000                       778841375600000000000000000000       
7560001300007T 0605631000000200644540000027768401011     140241181900000005092024000000000024804237005930                         091000028597539828ROSANGELA DE LOURDES MENDES             00000000000000000000003500000000004                 
7560001300008U 060000000000000000000000000000000000000000000000000000000000000000000000248040000000000248040000000000000000000000000000000509202405092024    00000000000000000000000                       778662675600000000000000000000       
7560001300009T 0605631000000200644540000027771701011     139043840000000005092024000000000023320341062410                         091000015257641879CARLOS ALEXANDRE RIBEIRINHO             00000000000000000000003500000000004                 
7560001300010U 060000000000000000000000000000000000000000000000000000000000000000000000233200000000000233200000000000000000000000000000000509202405092024    00000000000000000000000                       778687275600000000000000000000       
7560001300011T 0605631000000200644540000027772401011     141454694000000005092024000000000038154033017840                         091000036768656856CINTIA DEZASSO QUINI                    00000000000000000000003500000000004                 
7560001300012U 060000000000000000000000000000000000000000000000000000000000000000000000381540000000000381540000000000000000000000000000000509202405092024    00000000000000000000000                       778855375600000000000000000000       
7560001300013T 0605631000000200644540000027774901011     142452153200000005092024000000000037100341062410                         091000015257641879CARLOS ALEXANDRE RIBEIRINHO             00000000000000000000003500000000004                 
7560001300014U 060000000000000000000000000000000000000000000000000000000000000000000000371000000000000371000000000000000000000000000000000509202405092024    00000000000000000000000                       778718175600000000000000000000       
7560001300015T 0605631000000200644540000027808401011     140796100900000015092024000000000007416237025200                         091000001652584625JOSE ARGENTINO DE OLIVEIRA NETO         00000000000000000000003500000000004                 
7560001300016U 060000000000000000000000000000000000000000000000000000000000000000000000074160000000000074160000000000000000000000000000000509202405092024    00000000000000000000000                       778850575600000000000000000000       
7560001300017T 0605631000000200644540000027822801011     141418169700000010092024000000000030740077000010                         091000028580799864BRUNO LIGUORI PESCE                     00000000000000000000003500000000004                 
7560001300018U 060000000000000000000000000000000000000000000000000000000000000000000000307400000000000307400000000000000000000000000000000509202405092024    00000000000000000000000                       778917475600000000000000000000       
7560001300019T 0605631000000200644540000027861501011     143647209800000010092024000000000055000341038090                         091000006694524838MARIA LUIZA ARDIZZONE ROSSI             00000000000000000000003500000000004                 
7560001300020U 060000000000000000000000000000000000000000000000000000000000000000000000550000000000000550000000000000000000000000000000000509202405092024    00000000000000000000000                       778740175600000000000000000000       
75600015         00002200001000000000000361428000000000000000000000000000000000000000000000000000000000000000000000                                                                                                                             
75699999         000001000024000000                                                                                                                                                                                                             
