75600000         219895217000135              40355705631000000200644540IWS CURSOS DE IDIOMAS LTDA    SICOOB                                  21306202408411600133708500000                                                                     
75600011T01  043 2019895217000135          563100002405631000000200644540IWS CURSOS DE IDIOMAS LTDA                                                                                    000000001306202400000000                                 
7560001300001T 0605631000000200644540000026927701011     136910114300000020062024000000000052500341090730                         091000053372620763LILIAN VALERIO MARTELLETO               00000000000000000000003500000000004                 
7560001300002U 060000000000000000000000000000000000000000000000000000000000000000000000525000000000000525000000000000000000000000000000001206202412062024    00000000000000000000000                       757363875600000000000000000000       
7560001300003T 0605631000000200644540000027044501011     139484132200000020062024000000000034280341062410                         091000000887279805THAIS FAE LAVAREDA DE SOUZA             00000000000000000000003500000000004                 
7560001300004U 060000000000000000000000000000000000000000000000000000000000000000000000342800000000000342800000000000000000000000000000001206202412062024    00000000000000000000000                       757218875600000000000000000000       
75600015         00000600000200000000000086780000000000000000000000000000000000000000000000000000000000000000000000                                                                                                                             
75699999         000001000008000000                                                                                                                                                                                                             
