75600000         232970660000191                    05631000000200980140EDUULMC CURSOS DE IDIOMAS LTDASICOOB                                  21110202408432200091708500000                                                                     
75600011T01  043 2032970660000191          563100002405631000000200980140EDUULMC CURSOS DE IDIOMAS LTDA                                                                                000000001110202400000000                                 
7560001300001T 0605631000000200980140000028211501011     142006152300000010102024000000000043259341040530                         091000017533829808CLEBER ANTONIO CHINELATO                00000000000000000000003500000000004                 
7560001300002U 060000000000000000000000000000000000000000000000000000000000000000000000432590000000000432590000000000000000000000000000001010202410102024    00000000000000000000000                       788391775600000000000000000000       
7560001300003T 0605631000000200980140000028214701011     143532209400000010102024000000000028302260000010                         091000054077099889JULIA ALMEIDA REIS                      00000000000000000000003500000000004                 
7560001300004U 060000000000000000000000000000000000000000000000000000000000000000000000283020000000000283020000000000000000000000000000001010202410102024    00000000000000000000000                       788599275600000000000000000000       
7560001300005T 0605631000000200980140000028221901011     143893211700000010102024000000000034848341037470                         091000024947309881FABIO ALVES BONNO                       00000000000000000000003500000000004                 
7560001300006U 060000000000000000000000000000000000000000000000000000000000000000000000348480000000000348480000000000000000000000000000001010202410102024    00000000000000000000000                       788312275600000000000000000000       
7560001300007T 0605631000000200980140000028223301011     142150173800000010102024000000000016517001047520                         091000050020255870VITOR ANTUNES PEREIRA                   00000000000000000000003500000000004                 
7560001300008U 060000000000000000000000000000000000000000000000000000000000000000000000165170000000000165170000000000000000000000000000001010202410102024    00000000000000000000000                       788280575600000000000000000000       
7560001300009T 0605631000000200980140000028224001011     144131173800000010102024000000000015000001047520                         091000050020255870VITOR ANTUNES PEREIRA                   00000000000000000000003500000000004                 
7560001300010U 060000000000000000000000000000000000000000000000000000000000000000000000150000000000000150000000000000000000000000000000001010202410102024    00000000000000000000000                       788350475600000000000000000000       
75600015         00001200000500000000000137926000000000000000000000000000000000000000000000000000000000000000000000                                                                                                                             
75699999         000001000014000000                                                                                                                                                                                                             
