75600000         229492820000120                    05631000000200873060ANEXA IDIOMAS LTDA            SICOOB                                  21906202408224100107708500000                                                                     
75600011T01  043 2029492820000120          563100002405631000000200873060ANEXA IDIOMAS LTDA                                                                                            000000001906202400000000                                 
7560001300001T 0905631000000200873060000025143901011     136992176100000020122023000000000023320756056310                         091000053020204836GUILHERME SILVA GONCALVES               00000000000000000000003500000000013                 
7560001300002U 090000000000000000000000000000000000000000000000000000000000000000000000000000000000000000000000000000000000000000000000001806202418062024    00000000000000000000000                       758902675600000000000000000000       
7560001300003T 0905631000000200873060000025145301011     138136193700000020122023000000000028000756056310                         091000014776191784ISIS GAUDERETO DRUMOND DE ABREU         00000000000000000000003500000000013                 
7560001300004U 090000000000000000000000000000000000000000000000000000000000000000000000000000000000000000000000000000000000000000000000001806202418062024    00000000000000000000000                       758902775600000000000000000000       
7560001300005T 0605631000000200873060000026972601011     142343206000000015062024000000000022000081000010                         091000032306643881JULIANA CRUZ BARROS GOMES               00000000000000000000003500000000004                 
7560001300006U 060000000000004610000000000000000000000000000000000000000000000000000000224610000000000224610000000000000000000000000000001806202418062024    00000000000000000000000                       758854275600000000000000000000       
75600015         00000800000300000000000073320000000000000000000000000000000000000000000000000000000000000000000000                                                                                                                             
75699999         000001000010000000                                                                                                                                                                                                             
