75600000         232970660000191                    05631000000200980140EDUULMC CURSOS DE IDIOMAS LTDASICOOB                                  20502202512023400096808500000                                                                     
75600011T01  043 2032970660000191          563100002405631000000200980140EDUULMC CURSOS DE IDIOMAS LTDA                                                                                000000000502202500000000                                 
7560001300001T 0605631000000200980140000029372501011     140885549000000005022025000000000020693001035590                         091000022777304831THAIS DA SILVA BARBOSA                  00000000000000000000003500000000004                 
7560001300002U 060000000000000000000000000000000000000000000000000000000000000000000000206930000000000206930000000000000000000000000000000402202504022025    00000000000000000000000                       818406875600000000000000000000       
75600015         00000400000100000000000020693000000000000000000000000000000000000000000000000000000000000000000000                                                                                                                             
75699999         000001000006000000                                                                                                                                                                                                             
