75600000         219895217000135                    05631000000200644540IWS CURSOS DE IDIOMAS LTDA    SICOOB                                  21301202511012500146308500000                                                                     
75600011T01  043 2019895217000135          563100002405631000000200644540IWS CURSOS DE IDIOMAS LTDA                                                                                    000000001301202500000000                                 
7560001300001T 0605631000000200644540000028916401011     139262950000000025122024000000000024253237009650                         091000009304309808JOAO GABRIEL ZUANETTI                   00000000000000000000003500000000004                 
7560001300002U 060000000000006130000000000000000000000000000000000000000000000000000000248660000000000248660000000000000000000000000000001001202510012025    00000000000000000000000                       812672975600000000000000000000       
7560001300003T 0605631000000200644540000029050801011     144044120100000010012025000000000034607033002360                         091000037917191818JACQUELINE ALVES TAMURA                 00000000000000000000003500000000004                 
7560001300004U 060000000000000000000000000000000000000000000000000000000000000000000000346070000000000346070000000000000000000000000000001001202510012025    00000000000000000000000                       812673175600000000000000000000       
7560001300005T 0605631000000200644540000029057901011     140469198600000010012025000000000026700260000010                         091000013507076861ALEXANDRE LEAO LUCCHESI                 00000000000000000000003500000000004                 
7560001300006U 060000000000000000000000000000000000000000000000000000000000000000000000267000000000000267000000000000000000000000000000001001202510012025    00000000000000000000000                       812450575600000000000000000000       
7560001300007T 0605631000000200644540000029063301011     141422169700000010012025000000000030740077000010                         091000028580799864BRUNO LIGUORI PESCE                     00000000000000000000003500000000004                 
7560001300008U 060000000000000000000000000000000000000000000000000000000000000000000000307400000000000307400000000000000000000000000000001001202510012025    00000000000000000000000                       812673075600000000000000000000       
7560001300009T 0605631000000200644540000029087001011     143720210400000010012025000000000038000033000890                         091000035003158874GABRIELA CARVALHO                       00000000000000000000003500000000004                 
7560001300010U 060000000000000000000000000000000000000000000000000000000000000000000000380000000000000380000000000000000000000000000000001001202510012025    00000000000000000000000                       812673275600000000000000000000       
7560001300011T 0605631000000200644540000029093401011     142774256000000010012025000000000039551001067610                         091000007810479865IDERALDO ELMER RIBEIRO                  00000000000000000000003500000000004                 
7560001300012U 060000000000000000000000000000000000000000000000000000000000000000000000395510000000000395510000000000000000000000000000001001202510012025    00000000000000000000000                       812384475600000000000000000000       
7560001300013T 0605631000000200644540000029094101011     141282201700000010012025000000000020000341074220                         091000009727368670ISABELA KRISTINA MESQUITA SILVA         00000000000000000000003500000000004                 
7560001300014U 060000000000000000000000000000000000000000000000000000000000000000000000200000000000000200000000000000000000000000000000001001202510012025    00000000000000000000000                       812308375600000000000000000000       
7560001300015T 0605631000000200644540000029099801011     142408264000000010012025000000000024719033010360                         091000026634012857JERRISLEI BENTO NOGUEIRA                00000000000000000000003500000000004                 
7560001300016U 060000000000000000000000000000000000000000000000000000000000000000000000247190000000000247190000000000000000000000000000001001202510012025    00000000000000000000000                       812527075600000000000000000000       
7560001300017T 0605631000000200644540000029110501011     140836167100000010012025000000000019775001059670                         091000099343460872WANDERLEY JOSE RAMOS VENANCIO           00000000000000000000003500000000004                 
7560001300018U 060000000000000000000000000000000000000000000000000000000000000000000000197750000000000197750000000000000000000000000000001001202510012025    00000000000000000000000                       812672875600000000000000000000       
7560001300019T 0605631000000200644540000029128701011     142630193400000010012025000000000033920341040530                         091000017533829808CLEBER ANTONIO CHINELATO                00000000000000000000003500000000004                 
7560001300020U 060000000000000000000000000000000000000000000000000000000000000000000000339200000000000339200000000000000000000000000000001001202510012025    00000000000000000000000                       812282575600000000000000000000       
7560001300021T 0605631000000200644540000029131001011     139705134100000010012025000000000040810341040530                         091000017533829808CLEBER ANTONIO CHINELATO                00000000000000000000003500000000004                 
7560001300022U 060000000000000000000000000000000000000000000000000000000000000000000000408100000000000408100000000000000000000000000000001001202510012025    00000000000000000000000                       812513775600000000000000000000       
7560001300023T 0605631000000200644540000029132701011     139729134400000010012025000000000036729341040530                         091000017533829808CLEBER ANTONIO CHINELATO                00000000000000000000003500000000004                 
7560001300024U 060000000000000000000000000000000000000000000000000000000000000000000000367290000000000367290000000000000000000000000000001001202510012025    00000000000000000000000                       812496475600000000000000000000       
7560001300025T 0605631000000200644540000029219201011     143523210000000010012025000000000425855341014800                         092004731867000178INNOVAPACK                              00000000000000000000003500000000004                 
7560001300026U 060000000000000000000000000000000000000000000000000000000000000000000004258550000000004258550000000000000000000000000000001001202510012025    00000000000000000000000                       812316675600000000000000000000       
7560001300027T 0605631000000200644540000029238201011     140077161700000020012025000000000023203033010360                         091000025095916819EDUARDO ALMEIDA ALENCAR ARRAIS          00000000000000000000003500000000004                 
7560001300028U 060000000000000000000000000000000000000000000000000000000000000000000000232030000000000232030000000000000000000000000000001001202510012025    00000000000000000000000                       812325575600000000000000000000       
75600015         00003000001400000000000818862000000000000000000000000000000000000000000000000000000000000000000000                                                                                                                             
75699999         000001000032000000                                                                                                                                                                                                             
