75600000         232970660000191                    05631000000200980140EDUULMC CURSOS DE IDIOMAS LTDASICOOB                                  22211202410012400093308500000                                                                     
75600011T01  043 2032970660000191          563100002405631000000200980140EDUULMC CURSOS DE IDIOMAS LTDA                                                                                000000002211202400000000                                 
7560001300001T 0605631000000200980140000028659501011     143957180400000020112024000000000075506341070550                         091000027111775805CARLOS JOSE  FERREIRA DA COSTA          00000000000000000000003500000000004                 
7560001300002U 060000000000000000000000000000000000000000000000000000000000000000000000755060000000000755060000000000000000000000000000002111202421112024    00000000000000000000000                       798881075600000000000000000000       
7560001300003T 0605631000000200980140000028660301011     139093158400000020112024000000000023203033010360                         091000043877622844DANIELLE AQUINO GASPAR                  00000000000000000000003500000000004                 
7560001300004U 060000000000000000000000000000000000000000000000000000000000000000000000232030000000000232030000000000000000000000000000002111202421112024    00000000000000000000000                       798857975600000000000000000000       
7560001300005T 0605631000000200980140000028664201011     139225293000000020112024000000000065296001069140                         091000003696482854NADIR FRANCISCO DO AMARAL               00000000000000000000003500000000004                 
7560001300006U 060000000000000000000000000000000000000000000000000000000000000000000000652960000000000652960000000000000000000000000000002111202421112024    00000000000000000000000                       798821675600000000000000000000       
75600015         00000800000300000000000164005000000000000000000000000000000000000000000000000000000000000000000000                                                                                                                             
75699999         000001000010000000                                                                                                                                                                                                             
