75600000         219895217000135                    05631000000200644540IWS CURSOS DE IDIOMAS LTDA    SICOOB                                  21706202408234000133808500000                                                                     
75600011T01  043 2019895217000135          563100002405631000000200644540IWS CURSOS DE IDIOMAS LTDA                                                                                    000000001706202400000000                                 
7560001300001T 0605631000000200644540000026929101011     139758131000000015062024000000000014711085011630                         091000004099091902DANIEL FELIPE FILACHOWSKI               00000000000000000000003500000000004                 
7560001300002U 060000000000000000000000000000000000000000000000000000000000000000000000147110000000000147110000000000000000000000000000001406202414062024    00000000000000000000000                       757999475600000000000000000000       
7560001300003T 0605631000000200644540000026930001011     142488131000000015062024000000000007500085011630                         091000004099091902DANIEL FELIPE FILACHOWSKI               00000000000000000000003500000000004                 
7560001300004U 060000000000000000000000000000000000000000000000000000000000000000000000075000000000000075000000000000000000000000000000001406202414062024    00000000000000000000000                       758011875600000000000000000000       
7560001300005T 0605631000000200644540000026938801011     142098192300000015062024000000000026235341010240                         091000039856088810LUCAS DE PAULA OLTREMARI                00000000000000000000003500000000004                 
7560001300006U 060000000000000000000000000000000000000000000000000000000000000000000000262350000000000262350000000000000000000000000000001406202414062024    00000000000000000000000                       757829375600000000000000000000       
7560001300007T 0605631000000200644540000026939501011     137725192700000015062024000000000013600260000010                         091000045199143883MARCO AURELIO RODRIGUES ARRUDA          00000000000000000000003500000000004                 
7560001300008U 060000000000000000000000000000000000000000000000000000000000000000000000136000000000000136000000000000000000000000000000001406202414062024    00000000000000000000000                       758108875600000000000000000000       
7560001300009T 0605631000000200644540000026962501011     141638202300000015062024000000000015000237012310                         091000052570518859VITOR VIEIRA ALBUQUERQUE                00000000000000000000003500000000004                 
7560001300010U 060000000000000000000000000000000000000000000000000000000000000000000000150000000000000150000000000000000000000000000000001406202414062024    00000000000000000000000                       757815875600000000000000000000       
7560001300011T 0605631000000200644540000026965701011     137466748000000015062024000000000040040341037890                         091000051097253813GABRIELA HIGA MONJAR SECKLER            00000000000000000000003500000000004                 
7560001300012U 060000000000000000000000000000000000000000000000000000000000000000000000400400000000000400400000000000000000000000000000001406202414062024    00000000000000000000000                       757832975600000000000000000000       
7560001300013T 0605631000000200644540000027006501011     139770153000000020062024000000000004904033034090                         091000032300678861DIOGO NEVES MARINHO                     00000000000000000000003500000000004                 
7560001300014U 060000000000000000000000000000000000000000000000000000000000000000000000049040000000000049040000000000000000000000000000001406202414062024    00000000000000000000000                       757824075600000000000000000000       
75600015         00001600000700000000000121990000000000000000000000000000000000000000000000000000000000000000000000                                                                                                                             
75699999         000001000018000000                                                                                                                                                                                                             
