75600000         232970660000191                    05631000000200980140EDUULMC CURSOS DE IDIOMAS LTDASICOOB                                  21212202408424500094208500000                                                                     
75600011T01  043 2032970660000191          563100002405631000000200980140EDUULMC CURSOS DE IDIOMAS LTDA                                                                                000000001212202400000000                                 
7560001300001T 0605631000000200980140000028850301011     144503214600000010122024000000000025000341002400                         091000030974670847MARCOS APARECIDO SOARES                 00000000000000000000003500000000004                 
7560001300002U 060000000000005080000000000000000000000000000000000000000000000000000000255080000000000255080000000000000000000000000000001112202411122024    00000000000000000000000                       804903575600000000000000000000       
75600015         00000400000100000000000025000000000000000000000000000000000000000000000000000000000000000000000000                                                                                                                             
75699999         000001000006000000                                                                                                                                                                                                             
