75600000         219895217000135                    05631000000200644540IWS CURSOS DE IDIOMAS LTDA    SICOOB                                  21911202408433100143108500000                                                                     
75600011T01  043 2019895217000135          563100002405631000000200644540IWS CURSOS DE IDIOMAS LTDA                                                                                    000000001911202400000000                                 
7560001300001T 0905631000000200644540000026672301011     142488158200000020052024000000000050000756056310                         091000046056861856NAYARA PEREIRA NASCIMENTO               00000000000000000000003500000000013                 
7560001300002U 090000000000000000000000000000000000000000000000000000000000000000000000000000000000000000000000000000000000000000000000001811202418112024    00000000000000000000000                       798407575600000000000000000000       
7560001300003T 0905631000000200644540000026673001011     139769153000000020052024000000000004904756056310                         091000032300678861DIOGO NEVES MARINHO                     00000000000000000000003500000000013                 
7560001300004U 090000000000000000000000000000000000000000000000000000000000000000000000000000000000000000000000000000000000000000000000001811202418112024    00000000000000000000000                       798407775600000000000000000000       
7560001300005T 0905631000000200644540000026674801011     140189734000000020052024000000000004904756056310                         091000019605248875PEDRO FELICIANO DE ROSA                 00000000000000000000003500000000013                 
7560001300006U 090000000000000000000000000000000000000000000000000000000000000000000000000000000000000000000000000000000000000000000000001811202418112024    00000000000000000000000                       798407975600000000000000000000       
7560001300007T 0905631000000200644540000026675501011     139769153000000020052024000000000004904756056310                         091000032300678861DIOGO NEVES MARINHO                     00000000000000000000003500000000013                 
7560001300008U 090000000000000000000000000000000000000000000000000000000000000000000000000000000000000000000000000000000000000000000000001811202418112024    00000000000000000000000                       798408175600000000000000000000       
7560001300009T 0905631000000200644540000026677001011     137887116300000020052024000000000031482756056310                         091000047950320842ANA CLARA DE SOUZA RODRIGUES            00000000000000000000003500000000013                 
7560001300010U 090000000000000000000000000000000000000000000000000000000000000000000000000000000000000000000000000000000000000000000000001811202418112024    00000000000000000000000                       798408375600000000000000000000       
7560001300011T 0905631000000200644540000026681001011     141257201500000020052024000000000019900756056310                         091000018352738828SILVIA CRISTINA DE SOUZA                00000000000000000000003500000000013                 
7560001300012U 090000000000000000000000000000000000000000000000000000000000000000000000000000000000000000000000000000000000000000000000001811202418112024    00000000000000000000000                       798408575600000000000000000000       
7560001300013T 0905631000000200644540000026682701011     139829184300000020052024000000000019080756056310                         091000021895277833ERIC HENRIQUE VASCONCELLOS SANTOS       00000000000000000000003500000000013                 
7560001300014U 090000000000000000000000000000000000000000000000000000000000000000000000000000000000000000000000000000000000000000000000001811202418112024    00000000000000000000000                       798408775600000000000000000000       
7560001300015T 0905631000000200644540000026686601011     139865184700000020052024000000000020564756056310                         091000021895277833ERIC HENRIQUE VASCONCELLOS SANTOS       00000000000000000000003500000000013                 
7560001300016U 090000000000000000000000000000000000000000000000000000000000000000000000000000000000000000000000000000000000000000000000001811202418112024    00000000000000000000000                       798408975600000000000000000000       
7560001300017T 0905631000000200644540000026688001011     139327322000000020052024000000000026500756056310                         091000037621716886LAYS MELO DE OLIVEIRA                   00000000000000000000003500000000013                 
7560001300018U 090000000000000000000000000000000000000000000000000000000000000000000000000000000000000000000000000000000000000000000000001811202418112024    00000000000000000000000                       798409175600000000000000000000       
7560001300019T 0905631000000200644540000026692001011     140982376000000020052024000000000025000756056310                         091000031073432858MARIA ISABEL OLIVEIRA HAYASHI           00000000000000000000003500000000013                 
7560001300020U 090000000000000000000000000000000000000000000000000000000000000000000000000000000000000000000000000000000000000000000000001811202418112024    00000000000000000000000                       798409375600000000000000000000       
7560001300021T 0905631000000200644540000026694501011     137117165500000020052024000000000018656756056310                         091000034327342807SHEILA NUNES DE SOUZA                   00000000000000000000003500000000013                 
7560001300022U 090000000000000000000000000000000000000000000000000000000000000000000000000000000000000000000000000000000000000000000000001811202418112024    00000000000000000000000                       798409575600000000000000000000       
7560001300023T 0905631000000200644540000026696001011     138546572000000020052024000000000037100756056310                         091000026425715804WALQUIRIA BATISTA DA SILVA              00000000000000000000003500000000013                 
7560001300024U 090000000000000000000000000000000000000000000000000000000000000000000000000000000000000000000000000000000000000000000000001811202418112024    00000000000000000000000                       798409775600000000000000000000       
7560001300025T 0905631000000200644540000026697701011     138823132000000020052024000000000037100756056310                         091000014040948068HELOISA HELENA MONTEIRO KROMBERG        00000000000000000000003500000000013                 
7560001300026U 090000000000000000000000000000000000000000000000000000000000000000000000000000000000000000000000000000000000000000000000001811202418112024    00000000000000000000000                       798409975600000000000000000000       
7560001300027T 0905631000000200644540000026700501011     141819203600000020052024000000000028700756056310                         091000036613110850NATALIA APARECIDA DE PAULA RIBEIRO      00000000000000000000003500000000013                 
7560001300028U 090000000000000000000000000000000000000000000000000000000000000000000000000000000000000000000000000000000000000000000000001811202418112024    00000000000000000000000                       798410175600000000000000000000       
7560001300029T 0905631000000200644540000026704401011     137117165500000020052024000000000018656756056310                         091000034327342807SHEILA NUNES DE SOUZA                   00000000000000000000003500000000013                 
7560001300030U 090000000000000000000000000000000000000000000000000000000000000000000000000000000000000000000000000000000000000000000000001811202418112024    00000000000000000000000                       798410375600000000000000000000       
7560001300031T 0905631000000200644540000026705101011     142252205200000020052024000000000015000756056310                         091000051428027807SOPHIA REIS MAIA                        00000000000000000000003500000000013                 
7560001300032U 090000000000000000000000000000000000000000000000000000000000000000000000000000000000000000000000000000000000000000000000001811202418112024    00000000000000000000000                       798410575600000000000000000000       
7560001300033T 0905631000000200644540000026706901011     138546572000000020052024000000000037100756056310                         091000026425715804WALQUIRIA BATISTA DA SILVA              00000000000000000000003500000000013                 
7560001300034U 090000000000000000000000000000000000000000000000000000000000000000000000000000000000000000000000000000000000000000000000001811202418112024    00000000000000000000000                       798410775600000000000000000000       
7560001300035T 0905631000000200644540000026709001011     138823132000000020052024000000000037100756056310                         091000014040948068HELOISA HELENA MONTEIRO KROMBERG        00000000000000000000003500000000013                 
7560001300036U 090000000000000000000000000000000000000000000000000000000000000000000000000000000000000000000000000000000000000000000000001811202418112024    00000000000000000000000                       798410975600000000000000000000       
7560001300037T 0905631000000200644540000026710901011     139279489000000020052024000000000027961756056310                         091000048915085825JOYCE BOLOGNANI ROVERI                  00000000000000000000003500000000013                 
7560001300038U 090000000000000000000000000000000000000000000000000000000000000000000000000000000000000000000000000000000000000000000000001811202418112024    00000000000000000000000                       798411175600000000000000000000       
7560001300039T 0905631000000200644540000026711601011     139483132200000020052024000000000034280756056310                         091000000887279805THAIS FAE LAVAREDA DE SOUZA             00000000000000000000003500000000013                 
7560001300040U 090000000000000000000000000000000000000000000000000000000000000000000000000000000000000000000000000000000000000000000000001811202418112024    00000000000000000000000                       798411375600000000000000000000       
7560001300041T 0605631000000200644540000028565801011     139763131000000015112024000000000014711085011630                         091000004099091902DANIEL FELIPE FILACHOWSKI               00000000000000000000003500000000004                 
7560001300042U 060000000000000000000000000000000000000000000000000000000000000000000000147110000000000147110000000000000000000000000000001811202418112024    00000000000000000000000                       797888975600000000000000000000       
7560001300043T 0605631000000200644540000028572001011     139405129900000015112024000000000045000033007280                         091000028789640802MONALIZA MARIA ALVES                    00000000000000000000003500000000004                 
7560001300044U 060000000000000000000000000000000000000000000000000000000000000000000000450000000000000450000000000000000000000000000000001811202418112024    00000000000000000000000                       797733475600000000000000000000       
7560001300045T 0605631000000200644540000028574401011     144247213100000015112024000000000033000260000010                         091000006121146435GRACIELA RAULICKIS                      00000000000000000000003500000000004                 
7560001300046U 060000000000000000000000000000000000000000000000000000000000000000000000330000000000000330000000000000000000000000000000001811202418112024    00000000000000000000000                       797704175600000000000000000000       
7560001300047T 0605631000000200644540000028575101011     144258213100000015112024000000000007500260000010                         091000006121146435GRACIELA RAULICKIS                      00000000000000000000003500000000004                 
7560001300048U 060000000000000000000000000000000000000000000000000000000000000000000000075000000000000075000000000000000000000000000000001811202418112024    00000000000000000000000                       797703175600000000000000000000       
7560001300049T 0605631000000200644540000028577601011     144133212700000015112024000000000025000341038090                         091000028048739860MARCELO DORNAS PANHOTTA NEVES           00000000000000000000003500000000004                 
7560001300050U 060000000000000000000000000000000000000000000000000000000000000000000000250000000000000250000000000000000000000000000000001811202418112024    00000000000000000000000                       798006475600000000000000000000       
7560001300051T 0605631000000200644540000028579001011     139799189800000015112024000000000021094341070660                         091000032297933827THALITA ALESSANDRA DE SOUZA             00000000000000000000003500000000004                 
7560001300052U 060000000000000000000000000000000000000000000000000000000000000000000000210940000000000210940000000000000000000000000000001811202418112024    00000000000000000000000                       797896175600000000000000000000       
7560001300053T 0605631000000200644540000028580901011     139129131900000015112024000000000065720341038090                         091000027899694850EVANDRO DE SANTANA CAVICCHIO            00000000000000000000003500000000004                 
7560001300054U 060000000000000000000000000000000000000000000000000000000000000000000000657200000000000657200000000000000000000000000000001811202418112024    00000000000000000000000                       797760775600000000000000000000       
7560001300055T 0605631000000200644540000028581601011     142568206500000015112024000000000037000033043390                         091000032100160893FERNANDA GHIRALDI NOBRE                 00000000000000000000003500000000004                 
7560001300056U 060000000000000000000000000000000000000000000000000000000000000000000000370000000000000370000000000000000000000000000000001811202418112024    00000000000000000000000                       798236375600000000000000000000       
7560001300057T 0605631000000200644540000028584801011     140774190300000015112024000000000015900341070660                         091000032297933827THALITA ALESSANDRA DE SOUZA             00000000000000000000003500000000004                 
7560001300058U 060000000000000000000000000000000000000000000000000000000000000000000000159000000000000159000000000000000000000000000000001811202418112024    00000000000000000000000                       797759875600000000000000000000       
7560001300059T 0605631000000200644540000028585501011     143493208500000015112024000000000021000341038090                         091000028048739860MARCELO DORNAS PANHOTTA NEVES           00000000000000000000003500000000004                 
7560001300060U 060000000000000000000000000000000000000000000000000000000000000000000000210000000000000210000000000000000000000000000000001811202418112024    00000000000000000000000                       797994975600000000000000000000       
7560001300061T 0605631000000200644540000028586201011     143820211200000015112024000000000036800104002710                         091000018600076862CAYO PARDOS LASTIRI                     00000000000000000000003500000000004                 
7560001300062U 060000000000000000000000000000000000000000000000000000000000000000000000368000000000000368000000000000000000000000000000001811202418112024    00000000000000000000000                       797954775600000000000000000000       
7560001300063T 0605631000000200644540000028588701011     138901158300000015112024000000000069960237003680                         091000024985557811VIVIANE MAGLIANO                        00000000000000000000003500000000004                 
7560001300064U 060000000000000000000000000000000000000000000000000000000000000000000000699600000000000699600000000000000000000000000000001811202418112024    00000000000000000000000                       798199075600000000000000000000       
7560001300065T 0605631000000200644540000028590201011     141855203800000015112024000000000018000341038090                         091000028048739860MARCELO DORNAS PANHOTTA NEVES           00000000000000000000003500000000004                 
7560001300066U 060000000000000000000000000000000000000000000000000000000000000000000000180000000000000180000000000000000000000000000000001811202418112024    00000000000000000000000                       797983975600000000000000000000       
7560001300067T 0605631000000200644540000028592701011     141843203700000015112024000000000020000341038090                         091000028048739860MARCELO DORNAS PANHOTTA NEVES           00000000000000000000003500000000004                 
7560001300068U 060000000000000000000000000000000000000000000000000000000000000000000000200000000000000200000000000000000000000000000000001811202418112024    00000000000000000000000                       797974975600000000000000000000       
7560001300069T 0605631000000200644540000028595901011     139537185600000015112024000000000028000341020000                         091000049482848829WEVERTON BATISTA DOS SANTOS             00000000000000000000003500000000004                 
7560001300070U 060000000000000000000000000000000000000000000000000000000000000000000000280000000000000280000000000000000000000000000000001811202418112024    00000000000000000000000                       798033375600000000000000000000       
7560001300071T 0605631000000200644540000028629401011     139847189400000020112024000000000025440033010360                         091000032198572800EVANDRO CARDOSO SOUZA                   00000000000000000000003500000000004                 
7560001300072U 060000000000000000000000000000000000000000000000000000000000000000000000254400000000000254400000000000000000000000000000001811202418112024    00000000000000000000000                       798133175600000000000000000000       
7560001300073T 0605631000000200644540000028630201011     139859189400000020112024000000000025440033010360                         091000032198572800EVANDRO CARDOSO SOUZA                   00000000000000000000003500000000004                 
7560001300074U 060000000000000000000000000000000000000000000000000000000000000000000000254400000000000254400000000000000000000000000000001811202418112024    00000000000000000000000                       798254375600000000000000000000       
7560001300075T 0605631000000200644540000028637301011     140075161700000020112024000000000023203033010360                         091000025095916819EDUARDO ALMEIDA ALENCAR ARRAIS          00000000000000000000003500000000004                 
7560001300076U 060000000000000000000000000000000000000000000000000000000000000000000000232030000000000232030000000000000000000000000000001811202418112024    00000000000000000000000                       797911275600000000000000000000       
7560001300077T 0605631000000200644540000028681801011     143751210700000030112024000000000023000756043400                         091000022943219878CINTIA REGINA DE FREITAS                00000000000000000000003500000000006                 
7560001300078U 060000000000000000000000000000000000000000000000000000000000000000000000230000000000000230000000000000000000000000000000001811202418112024    00000000000000000000000                       798451475600000000000000000000       
7560001300079T 0605631000000200644540000028682501011     142664720000000025112024000000000039551104040420                         091000033774740801BRUNA BRITO DE MIRANDA                  00000000000000000000003500000000004                 
7560001300080U 060000000000000000000000000000000000000000000000000000000000000000000000395510000000000395510000000000000000000000000000001811202418112024    00000000000000000000000                       798121075600000000000000000000       
7560001300081T 0605631000000200644540000028688901011     143779210900000030112024000000000023000033010360                         091000029447536816JANAINE CIRILA SILVA                    00000000000000000000003500000000004                 
7560001300082U 060000000000000000000000000000000000000000000000000000000000000000000000230000000000000230000000000000000000000000000000001811202418112024    00000000000000000000000                       798310675600000000000000000000       
7560001300083T 0605631000000200644540000028691101011     138817125000000025112024000000000040810033001400                         091000042566921857GUSTAVO SALES SANCHES                   00000000000000000000003500000000004                 
7560001300084U 060000000000000000000000000000000000000000000000000000000000000000000000408100000000000408100000000000000000000000000000001811202418112024    00000000000000000000000                       798253975600000000000000000000       
7560001300085T 0605631000000200644540000028704201011     144618215400000019112024000000000033500260000010                         091000047770715881REBECA LOPES GOMES                      00000000000000000000003500000000004                 
7560001300086U 060000000000000000000000000000000000000000000000000000000000000000000000335000000000000335000000000000000000000000000000001811202418112024    00000000000000000000000                       798084375600000000000000000000       
75600015         00008800004300000000001191520000000000000000000000000000000000000000000000000000000000000000000000                                                                                                                             
75699999         000001000090000000                                                                                                                                                                                                             
