75600000         219895217000135                    05631000000200644540IWS CURSOS DE IDIOMAS LTDA    SICOOB                                  20208202409030500136408500000                                                                     
75600011T01  043 2019895217000135          563100002405631000000200644540IWS CURSOS DE IDIOMAS LTDA                                                                                    000000000208202400000000                                 
7560001300001T 0905631000000200644540000025469801011     135832151500000002022024000000000045000756056310                         091000071010386972CARLOS EDUARDO TONELLI COBO             00000000000000000000003500000000013                 
7560001300002U 090000000000000000000000000000000000000000000000000000000000000000000000000000000000000000000000000000000000000000000000000108202401082024    00000000000000000000000                       769820775600000000000000000000       
7560001300003T 0605631000000200644540000027401601011     139473542000000031072024000000000038503001012670                         091000018743687830TANIA CORREA DA SILVA                   00000000000000000000003500000000004                 
7560001300004U 060000000000007830000000000000000000000000000000000000000000000000000000392860000000000392860000000000000000000000000000000108202401082024    00000000000000000000000                       769566975600000000000000000000       
7560001300005T 0605631000000200644540000027427701011     142721733000000005082024000000000032027341065600                         091000002135412899FELICIA DEL GALLO ROCHA                 00000000000000000000003500000000004                 
7560001300006U 060000000000000000000000000000000000000000000000000000000000000000000000320270000000000320270000000000000000000000000000000108202401082024    00000000000000000000000                       769724375600000000000000000000       
7560001300007T 0605631000000200644540000027433101011     139150148600000005082024000000000034980104020340                         091000025313672843FABIOLA GURGEL                          00000000000000000000003500000000004                 
7560001300008U 060000000000000000000000000000000000000000000000000000000000000000000000349800000000000349800000000000000000000000000000000108202401082024    00000000000000000000000                       769579875600000000000000000000       
7560001300009T 0605631000000200644540000027436301011     141501169600000005082024000000000030740104020340                         091000025313672843FABIOLA GURGEL                          00000000000000000000003500000000004                 
7560001300010U 060000000000000000000000000000000000000000000000000000000000000000000000307400000000000307400000000000000000000000000000000108202401082024    00000000000000000000000                       769615175600000000000000000000       
7560001300011T 0605631000000200644540000027442801011     142427595000000005082024000000000028302033010360                         091000098867539000LUCIANA HISAYO ENDO                     00000000000000000000003500000000004                 
7560001300012U 060000000000000000000000000000000000000000000000000000000000000000000000283020000000000283020000000000000000000000000000000108202401082024    00000000000000000000000                       769591175600000000000000000000       
7560001300013T 0605631000000200644540000027444201011     140180420000000005082024000000000028230033039610                         091000011632733846PAULO SERGIO GONCALVES DE OLIVEIRA      00000000000000000000003500000000004                 
7560001300014U 060000000000000000000000000000000000000000000000000000000000000000000000282300000000000282300000000000000000000000000000000108202401082024    00000000000000000000000                       769712475600000000000000000000       
7560001300015T 0605631000000200644540000027446701011     138022155700000005082024000000000026500341066900                         091000043483096809SABRINA DE OLIVEIRA TAVARES             00000000000000000000003500000000004                 
7560001300016U 060000000000000000000000000000000000000000000000000000000000000000000000265000000000000265000000000000000000000000000000000108202401082024    00000000000000000000000                       769603975600000000000000000000       
7560001300017T 0605631000000200644540000027465701011     139138207000000010082024000000000032762001029220                         091000009240151796FABIANA CRISTINA DE OLIVEIRA            00000000000000000000003500000000004                 
7560001300018U 060000000000000000000000000000000000000000000000000000000000000000000000327620000000000327620000000000000000000000000000000108202401082024    00000000000000000000000                       769569175600000000000000000000       
7560001300019T 0605631000000200644540000027481501011     138255157000000010082024000000000053000001001400                         091000007057855990KAUANNE FERREIRA DE MELO                00000000000000000000003500000000004                 
7560001300020U 060000000000000000000000000000000000000000000000000000000000000000000000530000000000000530000000000000000000000000000000000108202401082024    00000000000000000000000                       769681475600000000000000000000       
75600015         00002200001000000000000350044000000000000000000000000000000000000000000000000000000000000000000000                                                                                                                             
75699999         000001000024000000                                                                                                                                                                                                             
