75600000         232970660000191                    05631000000200980140EDUULMC CURSOS DE IDIOMAS LTDASICOOB                                  20708202409424500088408500000                                                                     
75600011T01  043 2032970660000191          563100002405631000000200980140EDUULMC CURSOS DE IDIOMAS LTDA                                                                                000000000708202400000000                                 
7560001300001T 0605631000000200980140000027531901011     140615149500000010082024000000000018168756050040                         091000042109093862CELINA PEREIRA SANTIAGO                 00000000000000000000003500000000006                 
7560001300002U 060000000000000000000000000000000000000000000000000000000000000000000000181680000000000181680000000000000000000000000000000608202406082024    00000000000000000000000                       771030275600000000000000000000       
7560001300003T 0605631000000200980140000027658901011     139090158400000020082024000000000023203237001540                         091000043877622844DANIELLE AQUINO GASPAR                  00000000000000000000003500000000004                 
7560001300004U 060000000000000000000000000000000000000000000000000000000000000000000000232030000000000232030000000000000000000000000000000608202406082024    00000000000000000000000                       770800375600000000000000000000       
75600015         00000600000200000000000041371000000000000000000000000000000000000000000000000000000000000000000000                                                                                                                             
75699999         000001000008000000                                                                                                                                                                                                             
