75600000         229492820000120                    05631000000200873060ANEXA IDIOMAS LTDA            SICOOB                                  22006202407422800107808500000                                                                     
75600011T01  043 2029492820000120          563100002405631000000200873060ANEXA IDIOMAS LTDA                                                                                            000000002006202400000000                                 
7560001300001T 0605631000000200873060000027058501011     141728202800000020062024000000000035200033015720                         091000043469702810RENAN FERREIRA DIAS                     00000000000000000000003500000000004                 
7560001300002U 060000000000000000000000000000000000000000000000000000000000000000000000352000000000000352000000000000000000000000000000001906202419062024    00000000000000000000000                       759210375600000000000000000000       
7560001300003T 0605631000000200873060000027077501011     142948204300000020062024000000000028300033044330                         091000026257486807ELIANA SOUSA DE OLIVEIRA                00000000000000000000003500000000004                 
7560001300004U 060000000000000000000000000000000000000000000000000000000000000000000000283000000000000283000000000000000000000000000000001906202419062024    00000000000000000000000                       759136575600000000000000000000       
75600015         00000600000200000000000063500000000000000000000000000000000000000000000000000000000000000000000000                                                                                                                             
75699999         000001000008000000                                                                                                                                                                                                             
