75600000         232970660000191                    05631000000200980140EDUULMC CURSOS DE IDIOMAS LTDASICOOB                                  20402202509024300096708500000                                                                     
75600011T01  043 2032970660000191          563100002405631000000200980140EDUULMC CURSOS DE IDIOMAS LTDA                                                                                000000000402202500000000                                 
7560001300001T 0905631000000200980140000027458501011     141227201400000005082024000000000028300756056310                         091000030377225843MARLEIDE DE LIMA PAZZOTTI               00000000000000000000003500000000013                 
7560001300002U 090000000000000000000000000000000000000000000000000000000000000000000000000000000000000000000000000000000000000000000000000302202503022025    00000000000000000000000                       818165675600000000000000000000       
7560001300003T 0905631000000200980140000027459201011     139976188700000005082024000000000033920756056310                         091000036826948893IRIS MIQUELINE BRITO                    00000000000000000000003500000000013                 
7560001300004U 090000000000000000000000000000000000000000000000000000000000000000000000000000000000000000000000000000000000000000000000000302202503022025    00000000000000000000000                       818165875600000000000000000000       
7560001300005T 0905631000000200980140000027460001011     140783190200000005082024000000000025631756056310                         091000045603241829JOAO VICTOR SILVA LIMA DE OLIVEIRA      00000000000000000000003500000000013                 
7560001300006U 090000000000000000000000000000000000000000000000000000000000000000000000000000000000000000000000000000000000000000000000000302202503022025    00000000000000000000000                       818166075600000000000000000000       
7560001300007T 0605631000000200980140000029444001011     141411170300000010022025000000000022472001068820                         091000033280346843ANSELMO DA SILVA                        00000000000000000000003500000000004                 
7560001300008U 060000000000000000000000000000000000000000000000000000000000000000000000224720000000000224720000000000000000000000000000000302202503022025    00000000000000000000000                       817816575600000000000000000000       
7560001300009T 0605631000000200980140000029462301011     146232191200000005022025000000000015000237006570                         091000020272815845ALEX SANDRO CHELA                       00000000000000000000003500000000004                 
7560001300010U 060000000000000000000000000000000000000000000000000000000000000000000000150000000000000150000000000000000000000000000000000302202503022025    00000000000000000000000                       817833075600000000000000000000       
75600015         00001200000500000000000125323000000000000000000000000000000000000000000000000000000000000000000000                                                                                                                             
75699999         000001000014000000                                                                                                                                                                                                             
