75600000         219895217000135                    05631000000200644540IWS CURSOS DE IDIOMAS LTDA    SICOOB                                  20411202410012000142308500000                                                                     
75600011T01  043 2019895217000135          563100002405631000000200644540IWS CURSOS DE IDIOMAS LTDA                                                                                    000000000411202400000000                                 
7560001300001T 0605631000000200644540000028383701011     142018192600000031102024000000000026235033007280                         091000026592685840DANIELLY VAZ CORONADO                   00000000000000000000003500000000004                 
7560001300002U 060000000000005340000000000000000000000000000000000000000000000000000000267690000000000267690000000000000000000000000000000111202401112024    00000000000000000000000                       793504975600000000000000000000       
7560001300003T 0605631000000200644540000028462401011     143565157000000010112024000000000056180001001400                         091000007057855990KAUANNE FERREIRA DE MELO                00000000000000000000003500000000004                 
7560001300004U 060000000000000000000000000000000000000000000000000000000000000000000000561800000000000561800000000000000000000000000000000111202401112024    00000000000000000000000                       793588375600000000000000000000       
7560001300005T 0605631000000200644540000028463101011     143993966000000005112024000000000033920033010360                         091000045489539810KETYLIN DOS SANTOS                      00000000000000000000003500000000004                 
7560001300006U 060000000000000000000000000000000000000000000000000000000000000000000000339200000000000339200000000000000000000000000000000111202401112024    00000000000000000000000                       793505775600000000000000000000       
7560001300007T 0605631000000200644540000028467001011     142430595000000005112024000000000028302033010360                         091000098867539000LUCIANA HISAYO ENDO                     00000000000000000000003500000000004                 
7560001300008U 060000000000000000000000000000000000000000000000000000000000000000000000283020000000000283020000000000000000000000000000000111202401112024    00000000000000000000000                       793536075600000000000000000000       
7560001300009T 0605631000000200644540000028556101011     144356214100000001112024000000000033500341037480                         091000021976609852ANDERSON DOS SANTOS REGAZIO             00000000000000000000003500000000004                 
7560001300010U 060000000000000000000000000000000000000000000000000000000000000000000000335000000000000335000000000000000000000000000000000111202401112024    00000000000000000000000                       793621775600000000000000000000       
75600015         00001200000500000000000178137000000000000000000000000000000000000000000000000000000000000000000000                                                                                                                             
75699999         000001000014000000                                                                                                                                                                                                             
