75600000         232970660000191                    05631000000200980140EDUULMC CURSOS DE IDIOMAS LTDASICOOB                                  21107202409032900087008500000                                                                     
75600011T01  043 2032970660000191          563100002405631000000200980140EDUULMC CURSOS DE IDIOMAS LTDA                                                                                000000001107202400000000                                 
7560001300001T 0605631000000200980140000027222701011     140614149500000010072024000000000018168756050040                         091000042109093862CELINA PEREIRA SANTIAGO                 00000000000000000000003500000000006                 
7560001300002U 060000000000000000000000000000000000000000000000000000000000000000000000181680000000000181680000000000000000000000000000001007202410072024    00000000000000000000000                       764477275600000000000000000000       
7560001300003T 0605631000000200980140000027223401011     142003152300000010072024000000000043259341040530                         091000017533829808CLEBER ANTONIO CHINELATO                00000000000000000000003500000000004                 
7560001300004U 060000000000000000000000000000000000000000000000000000000000000000000000432590000000000432590000000000000000000000000000001007202410072024    00000000000000000000000                       764198275600000000000000000000       
7560001300005T 0605631000000200980140000027227301011     139987161500000010072024000000000023203237065840                         091000062795015072MARCELO MACHADO                         00000000000000000000003500000000004                 
7560001300006U 060000000000000000000000000000000000000000000000000000000000000000000000232030000000000232030000000000000000000000000000001007202410072024    00000000000000000000000                       764206775600000000000000000000       
7560001300007T 0605631000000200980140000027229801011     139341160400000010072024000000000030304341091060                         091000043285071842LETICIA DA SILVA SOBREIRA               00000000000000000000003500000000004                 
7560001300008U 060000000000000000000000000000000000000000000000000000000000000000000000303040000000000303040000000000000000000000000000001007202410072024    00000000000000000000000                       764610175600000000000000000000       
7560001300009T 0605631000000200980140000027232001011     140842423000000010072024000000000028427341013040                         091000011279917792PETRIC RIOS BASTOS                      00000000000000000000003500000000004                 
7560001300010U 060000000000000000000000000000000000000000000000000000000000000000000000284270000000000284270000000000000000000000000000001007202410072024    00000000000000000000000                       764661675600000000000000000000       
75600015         00001200000500000000000143361000000000000000000000000000000000000000000000000000000000000000000000                                                                                                                             
75699999         000001000014000000                                                                                                                                                                                                             
