75600000         232970660000191                    05631000000200980140EDUULMC CURSOS DE IDIOMAS LTDASICOOB                                  20807202409025300086808500000                                                                     
75600011T01  043 2032970660000191          563100002405631000000200980140EDUULMC CURSOS DE IDIOMAS LTDA                                                                                000000000807202400000000                                 
7560001300001T 0605631000000200980140000027153301011     141572168200000005072024000000000024719260000010                         091000030755045807RENATA DOS REIS LIMA                    00000000000000000000003500000000004                 
7560001300002U 060000000000000000000000000000000000000000000000000000000000000000000000247190000000000247190000000000000000000000000000000507202405072024    00000000000000000000000                       762863175600000000000000000000       
7560001300003T 0605631000000200980140000027156501011     141036310000000005072024000000000133650341000720                         092061139622000190LILLA                                   00000000000000000000003500000000004                 
7560001300004U 060000000000000000000000000000000000000000000000000000000000000000000001336500000000001336500000000000000000000000000000000507202405072024    00000000000000000000000                       762885075600000000000000000000       
7560001300005T 0605631000000200980140000027220201011     141404170300000010072024000000000022472001068820                         091000033280346843ANSELMO DA SILVA                        00000000000000000000003500000000004                 
7560001300006U 060000000000000000000000000000000000000000000000000000000000000000000000224720000000000224720000000000000000000000000000000507202405072024    00000000000000000000000                       762637575600000000000000000000       
7560001300007T 0605631000000200980140000027231301011     142123725000000010072024000000000018539033035440                         091000003567487825NABOR ALVES MONTEIRO                    00000000000000000000003500000000004                 
7560001300008U 060000000000000000000000000000000000000000000000000000000000000000000000185390000000000185390000000000000000000000000000000507202405072024    00000000000000000000000                       762699275600000000000000000000       
75600015         00001000000400000000000199380000000000000000000000000000000000000000000000000000000000000000000000                                                                                                                             
75699999         000001000012000000                                                                                                                                                                                                             
