75600000         219895217000135                    05631000000200644540IWS CURSOS DE IDIOMAS LTDA    SICOOB                                  20302202509213800147608500000                                                                     
75600011T01  043 2019895217000135          563100002405631000000200644540IWS CURSOS DE IDIOMAS LTDA                                                                                    000000000302202500000000                                 
7560001300001T 0605631000000200644540000029294501011     143843211300000030012025000000000038700001068150                         091000042656568897LAYANA BRITO LIMA                       00000000000000000000003500000000004                 
7560001300002U 060000000000007870000000000000000000000000000000000000000000000000000000394870000000000394870000000000000000000000000000003101202531012025    00000000000000000000000                       817600175600000000000000000000       
7560001300003T 0605631000000200644540000029302001011     139479542000000031012025000000000038503001012670                         091000018743687830TANIA CORREA DA SILVA                   00000000000000000000003500000000004                 
7560001300004U 060000000000000000000000000000000000000000000000000000000000000000000000385030000000000385030000000000000000000000000000003101202531012025    00000000000000000000000                       817713875600000000000000000000       
7560001300005T 0605631000000200644540000029305101011     143117178600000030012025000000000039326237035680                         091000018874492804DANIELA DE SIQUEIRA AUDRA.              00000000000000000000003500000000004                 
7560001300006U 060000000000008000000000000000000000000000000000000000000000000000000000401260000000000401260000000000000000000000000000003101202531012025    00000000000000000000000                       817739675600000000000000000000       
7560001300007T 0605631000000200644540000029353501011     143996966000000005022025000000000033920033010360                         091000045489539810KETYLIN DOS SANTOS                      00000000000000000000003500000000004                 
7560001300008U 060000000000000000000000000000000000000000000000000000000000000000000000339200000000000339200000000000000000000000000000003101202531012025    00000000000000000000000                       817611675600000000000000000000       
7560001300009T 0605631000000200644540000029356701011     144544215000000005022025000000000024700341038090                         091000046530313800MARIANA SILVA SANTANA                   00000000000000000000003500000000004                 
7560001300010U 060000000000000000000000000000000000000000000000000000000000000000000000247000000000000247000000000000000000000000000000003101202531012025    00000000000000000000000                       817633675600000000000000000000       
75600015         00001200000500000000000175149000000000000000000000000000000000000000000000000000000000000000000000                                                                                                                             
75699999         000001000014000000                                                                                                                                                                                                             
