75600000         219895217000135                    05631000000200644540IWS CURSOS DE IDIOMAS LTDA    SICOOB                                  21212202408424500144608500000                                                                     
75600011T01  043 2019895217000135          563100002405631000000200644540IWS CURSOS DE IDIOMAS LTDA                                                                                    000000001212202400000000                                 
7560001300001T 0605631000000200644540000028788001011     142869537000000010122024000000000055618341070550                         091000009017220813SUZI SANTOS MONIZ                       00000000000000000000003500000000004                 
7560001300002U 060000000000011300000000000000000000000000000000000000000000000000000000567480000000000567480000000000000000000000000000001112202411122024    00000000000000000000000                       804913475600000000000000000000       
7560001300003T 0605631000000200644540000028932201011     144593215300000015122024000000000007500341091700                         091000064095061804MARIA CARNEIRO DE ANDRADE               00000000000000000000003500000000004                 
7560001300004U 060000000000000000000000000000000000000000000000000000000000000000000000075000000000000075000000000000000000000000000000001112202411122024    00000000000000000000000                       805065475600000000000000000000       
75600015         00000600000200000000000063118000000000000000000000000000000000000000000000000000000000000000000000                                                                                                                             
75699999         000001000008000000                                                                                                                                                                                                             
