75600000         229492820000120                    05631000000200873060ANEXA IDIOMAS LTDA            SICOOB                                  20901202509212300118208500000                                                                     
75600011T01  043 2029492820000120          563100002405631000000200873060ANEXA IDIOMAS LTDA                                                                                            000000000901202500000000                                 
7560001300001T 0605631000000200873060000028971701011     144128186700000020122024000000000003000341071660                         091000032654262898DIEGO CESAR DE PAULA                    00000000000000000000003500000000004                 
7560001300002U 060000000000000790000000000000000000000000000000000000000000000000000000030790000000000030790000000000000000000000000000000801202508012025    00000000000000000000000                       811771175600000000000000000000       
7560001300003T 0605631000000200873060000029161801011     139323162200000010012025000000000029733341069060                         091000036877483839LARISSA BARBOZA                         00000000000000000000003500000000004                 
7560001300004U 060000000000000000000000000000000000000000000000000000000000000000000000297330000000000297330000000000000000000000000000000801202508012025    00000000000000000000000                       811561275600000000000000000000       
75600015         00000600000200000000000032733000000000000000000000000000000000000000000000000000000000000000000000                                                                                                                             
75699999         000001000008000000                                                                                                                                                                                                             
