75600000         219895217000135                    05631000000200644540IWS CURSOS DE IDIOMAS LTDA    SICOOB                                  22106202408422800134108500000                                                                     
75600011T01  043 2019895217000135          563100002405631000000200644540IWS CURSOS DE IDIOMAS LTDA                                                                                    000000002106202400000000                                 
7560001300001T 0605631000000200644540000027010501011     139558197400000025062024000000000018000104002500                         091000028682214830MARCIA SILVA BONFIM DE SOUZA            00000000000000000000003500000000004                 
7560001300002U 060000000000000000000000000000000000000000000000000000000000000000000000180000000000000180000000000000000000000000000000002006202420062024    00000000000000000000000                       759487275600000000000000000000       
7560001300003T 0605631000000200644540000027011201011     142241197400000025062024000000000005000104002500                         091000028682214830MARCIA SILVA BONFIM DE SOUZA            00000000000000000000003500000000004                 
7560001300004U 060000000000000000000000000000000000000000000000000000000000000000000000050000000000000050000000000000000000000000000000002006202420062024    00000000000000000000000                       759544075600000000000000000000       
7560001300005T 0605631000000200644540000027017601011     139842189400000020062024000000000025440033010360                         091000032198572800EVANDRO CARDOSO SOUZA                   00000000000000000000003500000000004                 
7560001300006U 060000000000000000000000000000000000000000000000000000000000000000000000254400000000000254400000000000000000000000000000002006202420062024    00000000000000000000000                       759336775600000000000000000000       
7560001300007T 0605631000000200644540000027018301011     139854189400000020062024000000000025440033010360                         091000032198572800EVANDRO CARDOSO SOUZA                   00000000000000000000003500000000004                 
7560001300008U 060000000000000000000000000000000000000000000000000000000000000000000000254400000000000254400000000000000000000000000000002006202420062024    00000000000000000000000                       759365375600000000000000000000       
7560001300009T 0605631000000200644540000027019001011     137418155800000020062024000000000029150341008440                         091000029368330867FABIO JURCZYSZYN                        00000000000000000000003500000000004                 
7560001300010U 060000000000000000000000000000000000000000000000000000000000000000000000291500000000000291500000000000000000000000000000002006202420062024    00000000000000000000000                       759509875600000000000000000000       
7560001300011T 0605631000000200644540000027022301011     139172181300000025062024000000000018985104002500                         091000028682214830MARCIA SILVA BONFIM DE SOUZA            00000000000000000000003500000000004                 
7560001300012U 060000000000000000000000000000000000000000000000000000000000000000000000189850000000000189850000000000000000000000000000002006202420062024    00000000000000000000000                       759558675600000000000000000000       
7560001300013T 0605631000000200644540000027026201011     140010147600000020062024000000000031500033010360                         091000043062398884KARINE ARAUJO DOS ANJOS                 00000000000000000000003500000000004                 
7560001300014U 060000000000000000000000000000000000000000000000000000000000000000000000315000000000000315000000000000000000000000000000002006202420062024    00000000000000000000000                       759375675600000000000000000000       
7560001300015T 0605631000000200644540000027027001011     141624202200000020062024000000000025000260000010                         091000038692878880LAIS NATACHA DE ARAUJO FUJITA           00000000000000000000003500000000004                 
7560001300016U 060000000000000000000000000000000000000000000000000000000000000000000000250000000000000250000000000000000000000000000000002006202420062024    00000000000000000000000                       759454975600000000000000000000       
7560001300017T 0605631000000200644540000027029401011     138565195900000020062024000000000060000341086090                         091000027789099825DANIELA COLAPIETRO RODRIGUES            00000000000000000000003500000000004                 
7560001300018U 060000000000000000000000000000000000000000000000000000000000000000000000600000000000000600000000000000000000000000000000002006202420062024    00000000000000000000000                       759534475600000000000000000000       
7560001300019T 0605631000000200644540000027030201011     137598354000000020062024000000000025465033007660                         091000021920881832MARCELO DA SILVA FREIRE                 00000000000000000000003500000000004                 
7560001300020U 060000000000000000000000000000000000000000000000000000000000000000000000254650000000000254650000000000000000000000000000002006202420062024    00000000000000000000000                       759500875600000000000000000000       
7560001300021T 0605631000000200644540000027032701011     140983376000000020062024000000000025000341014800                         091000031073432858MARIA ISABEL OLIVEIRA HAYASHI           00000000000000000000003500000000004                 
7560001300022U 060000000000000000000000000000000000000000000000000000000000000000000000250000000000000250000000000000000000000000000000002006202420062024    00000000000000000000000                       759510875600000000000000000000       
7560001300023T 0605631000000200644540000027043801011     139280489000000020062024000000000027961237001560                         091000048915085825JOYCE BOLOGNANI ROVERI                  00000000000000000000003500000000004                 
7560001300024U 060000000000000000000000000000000000000000000000000000000000000000000000279610000000000279610000000000000000000000000000002006202420062024    00000000000000000000000                       759327675600000000000000000000       
75600015         00002600001200000000000316941000000000000000000000000000000000000000000000000000000000000000000000                                                                                                                             
75699999         000001000028000000                                                                                                                                                                                                             
