75600000         229492820000120                    05631000000200873060ANEXA IDIOMAS LTDA            SICOOB                                  21401202509412300118508500000                                                                     
75600011T01  043 2029492820000120          563100002405631000000200873060ANEXA IDIOMAS LTDA                                                                                            000000001401202500000000                                 
7560001300001T 0905631000000200873060000027282601011     142344206000000015072024000000000022000756056310                         091000032306643881JULIANA CRUZ BARROS GOMES               00000000000000000000003500000000013                 
7560001300002U 090000000000000000000000000000000000000000000000000000000000000000000000000000000000000000000000000000000000000000000000001301202513012025    00000000000000000000000                       813293175600000000000000000000       
7560001300003T 0905631000000200873060000027285801011     141757203100000015072024000000000022200756056310                         091000056970711838MARCELA ROBERTA DE ALMEIDA SILVA        00000000000000000000003500000000013                 
7560001300004U 090000000000000000000000000000000000000000000000000000000000000000000000000000000000000000000000000000000000000000000000001301202513012025    00000000000000000000000                       813293275600000000000000000000       
7560001300005T 0905631000000200873060000027287201011     137515686000000015072024000000000029589756056310                         091000088679497487PATRICIA FRAZAO DE OLIVEIRA             00000000000000000000003500000000013                 
7560001300006U 090000000000000000000000000000000000000000000000000000000000000000000000000000000000000000000000000000000000000000000000001301202513012025    00000000000000000000000                       813293375600000000000000000000       
7560001300007T 0905631000000200873060000027289701011     139579197600000015072024000000000037200756056310                         091000030970779879MARCIO DANIEL SANCHES                   00000000000000000000003500000000013                 
7560001300008U 090000000000000000000000000000000000000000000000000000000000000000000000000000000000000000000000000000000000000000000000001301202513012025    00000000000000000000000                       813292275600000000000000000000       
7560001300009T 0605631000000200873060000029150701011     140656190600000010012025000000000028376237013220                         091000044197827814EDUARDO ARENS BENI                      00000000000000000000003500000000004                 
7560001300010U 060000000000005950000000000000000000000000000000000000000000000000000000289710000000000289710000000000000000000000000000001301202513012025    00000000000000000000000                       813498675600000000000000000000       
7560001300011T 0605631000000200873060000029174301011     144184212900000010012025000000000022200033022710                         091000012445645832EDILEUSA RAMOS DA COSTA NONATO          00000000000000000000003500000000004                 
7560001300012U 060000000000004650000000000000000000000000000000000000000000000000000000226650000000000226650000000000000000000000000000001301202513012025    00000000000000000000000                       813070475600000000000000000000       
7560001300013T 0605631000000200873060000029175001011     144196212900000010012025000000000003000033022710                         091000012445645832EDILEUSA RAMOS DA COSTA NONATO          00000000000000000000003500000000004                 
7560001300014U 060000000000000630000000000000000000000000000000000000000000000000000000030630000000000030630000000000000000000000000000001301202513012025    00000000000000000000000                       813065575600000000000000000000       
75600015         00001600000700000000000164565000000000000000000000000000000000000000000000000000000000000000000000                                                                                                                             
75699999         000001000018000000                                                                                                                                                                                                             
