75600000         229492820000120                    05631000000200873060ANEXA IDIOMAS LTDA            SICOOB                                  22310202408423800114408500000                                                                     
75600011T01  043 2029492820000120          563100002405631000000200873060ANEXA IDIOMAS LTDA                                                                                            000000002310202400000000                                 
7560001300001T 0605631000000200873060000028351901011     139882189100000020102024000000000033920341007570                         091000036517885803FERNANDO HENRIQUE CESTO ASCENSO         00000000000000000000003500000000004                 
7560001300002U 060000000000007000000000000000000000000000000000000000000000000000000000346200000000000346200000000000000000000000000000002210202422102024    00000000000000000000000                       791460775600000000000000000000       
7560001300003T 0605631000000200873060000028377001011     144295186700000022102024000000000028970341071660                         091000032654262898DIEGO CESAR DE PAULA                    00000000000000000000003500000000004                 
7560001300004U 060000000000000000000000000000000000000000000000000000000000000000000000289700000000000289700000000000000000000000000000002210202422102024    00000000000000000000000                       791540175600000000000000000000       
7560001300005T 0605631000000200873060000028378701011     144296186700000022102024000000000003000341071660                         091000032654262898DIEGO CESAR DE PAULA                    00000000000000000000003500000000004                 
7560001300006U 060000000000000000000000000000000000000000000000000000000000000000000000030000000000000030000000000000000000000000000000002210202422102024    00000000000000000000000                       791555875600000000000000000000       
75600015         00000800000300000000000065890000000000000000000000000000000000000000000000000000000000000000000000                                                                                                                             
75699999         000001000010000000                                                                                                                                                                                                             
