75600000         229492820000120                    05631000000200873060ANEXA IDIOMAS LTDA            SICOOB                                  21812202410245300117108500000                                                                     
75600011T01  043 2029492820000120          563100002405631000000200873060ANEXA IDIOMAS LTDA                                                                                            000000001812202400000000                                 
7560001300001T 0605631000000200873060000028977001011     140739161900000015122024000000000017750033036290                         091000073446530363ANTONIO IRAILSON BEZERRA SABOIA         00000000000000000000003500000000004                 
7560001300002U 060000000000003670000000000000000000000000000000000000000000000000000000181170000000000181170000000000000000000000000000001712202417122024    00000000000000000000000                       806697275600000000000000000000       
75600015         00000400000100000000000017750000000000000000000000000000000000000000000000000000000000000000000000                                                                                                                             
75699999         000001000006000000                                                                                                                                                                                                             
