75600000         232970660000191                    05631000000200980140EDUULMC CURSOS DE IDIOMAS LTDASICOOB                                  23007202409030700087808500000                                                                     
75600011T01  043 2032970660000191          563100002405631000000200980140EDUULMC CURSOS DE IDIOMAS LTDA                                                                                000000003007202400000000                                 
7560001300001T 0905631000000200980140000025462701011     137232191900000030012024000000000025000756056310                         091000041416631828GABRIEL RODRIGUES BATISTA               00000000000000000000003500000000013                 
7560001300002U 090000000000000000000000000000000000000000000000000000000000000000000000000000000000000000000000000000000000000000000000002907202429072024    00000000000000000000000                       769021475600000000000000000000       
7560001300003T 0905631000000200980140000025463401011     133596311000000030012024000000000018742756056310                         091000035117172809KAREN STUART SILVA                      00000000000000000000003500000000013                 
7560001300004U 090000000000000000000000000000000000000000000000000000000000000000000000000000000000000000000000000000000000000000000000002907202429072024    00000000000000000000000                       769021575600000000000000000000       
7560001300005T 0905631000000200980140000025465901011     135420184100000030012024000000000022695756056310                         091000043322125840PIETRA MARTINS DA SILVA                 00000000000000000000003500000000013                 
7560001300006U 090000000000000000000000000000000000000000000000000000000000000000000000000000000000000000000000000000000000000000000000002907202429072024    00000000000000000000000                       769021675600000000000000000000       
7560001300007T 0905631000000200980140000025638301011     140496198900000030012024000000000099000756056310                         091000029062648819PRISCILA MARIA MARQUES COIMBRA          00000000000000000000003500000000013                 
7560001300008U 090000000000000000000000000000000000000000000000000000000000000000000000000000000000000000000000000000000000000000000000002907202429072024    00000000000000000000000                       769021775600000000000000000000       
7560001300009T 0605631000000200980140000027377301011     140083137400000028072024000000000040810341037990                         091000028686773800RENATO MONTEFUSCO                       00000000000000000000003500000000004                 
7560001300010U 060000000000000000000000000000000000000000000000000000000000000000000000408100000000000408100000000000000000000000000000002907202429072024    00000000000000000000000                       768793475600000000000000000000       
7560001300011T 0605631000000200980140000027457801011     139808151900000005082024000000000033920341093010                         091000016426937827ELISANGELA LOPES CASSOLATO              00000000000000000000003500000000004                 
7560001300012U 060000000000000000000000000000000000000000000000000000000000000000000000339200000000000339200000000000000000000000000000002907202429072024    00000000000000000000000                       768803275600000000000000000000       
75600015         00001400000600000000000240167000000000000000000000000000000000000000000000000000000000000000000000                                                                                                                             
75699999         000001000016000000                                                                                                                                                                                                             
