75600000         232970660000191                    05631000000200980140EDUULMC CURSOS DE IDIOMAS LTDASICOOB                                  22201202509214600096108500000                                                                     
75600011T01  043 2032970660000191          563100002405631000000200980140EDUULMC CURSOS DE IDIOMAS LTDA                                                                                000000002201202500000000                                 
7560001300001T 0605631000000200980140000029262001011     140668166300000020012025000000000025000208000200                         091000029424248857ELIEZER QUEIROZ JUNIOR                  00000000000000000000003500000000004                 
7560001300002U 060000000000005080000000000000000000000000000000000000000000000000000000255080000000000255080000000000000000000000000000002101202521012025    00000000000000000000000                       815531875600000000000000000000       
75600015         00000400000100000000000025000000000000000000000000000000000000000000000000000000000000000000000000                                                                                                                             
75699999         000001000006000000                                                                                                                                                                                                             
