75600000         219895217000135                    05631000000200644540IWS CURSOS DE IDIOMAS LTDA    SICOOB                                  20612202409224400144208500000                                                                     
75600011T01  043 2019895217000135          563100002405631000000200644540IWS CURSOS DE IDIOMAS LTDA                                                                                    000000000612202400000000                                 
7560001300001T 0605631000000200644540000028743001011     142725733000000005122024000000000032027341065600                         091000002135412899FELICIA DEL GALLO ROCHA                 00000000000000000000003500000000004                 
7560001300002U 060000000000000000000000000000000000000000000000000000000000000000000000320270000000000320270000000000000000000000000000000512202405122024    00000000000000000000000                       802690175600000000000000000000       
7560001300003T 0605631000000200644540000028744701011     140494198800000005122024000000000078800033008210                         091000039743835814HUDSON CARDOSO DE OLIVEIRA              00000000000000000000003500000000004                 
7560001300004U 060000000000000000000000000000000000000000000000000000000000000000000000788000000000000788000000000000000000000000000000000512202405122024    00000000000000000000000                       802671375600000000000000000000       
7560001300005T 0605631000000200644540000028756501011     142922206800000010122024000000000035200341090330                         091000022022841840DENISE VALENTE EVA                      00000000000000000000003500000000004                 
7560001300006U 060000000000000000000000000000000000000000000000000000000000000000000000352000000000000352000000000000000000000000000000000512202405122024    00000000000000000000000                       802780775600000000000000000000       
7560001300007T 0605631000000200644540000028758001011     139824183100000005122024000000000028302033010360                         091000034078049893ELLEN DOS SANTOS FRANCO                 00000000000000000000003500000000004                 
7560001300008U 060000000000000000000000000000000000000000000000000000000000000000000000283020000000000283020000000000000000000000000000000512202405122024    00000000000000000000000                       802671575600000000000000000000       
7560001300009T 0605631000000200644540000028760501011     141481169200000010122024000000000024000237012310                         091000011874897867LUIZ ALEXANDRE PROFITTI                 00000000000000000000003500000000004                 
7560001300010U 060000000000000000000000000000000000000000000000000000000000000000000000240000000000000240000000000000000000000000000000000512202405122024    00000000000000000000000                       802662375600000000000000000000       
7560001300011T 0605631000000200644540000028765101011     139944185000000005122024000000000024380341038090                         091000008563118803SIMONE SOARES ZUANETTI                  00000000000000000000003500000000004                 
7560001300012U 060000000000000000000000000000000000000000000000000000000000000000000000243800000000000243800000000000000000000000000000000512202405122024    00000000000000000000000                       802563075600000000000000000000       
7560001300013T 0605631000000200644540000028767601011     139968185200000005122024000000000021094341038090                         091000008563118803SIMONE SOARES ZUANETTI                  00000000000000000000003500000000004                 
7560001300014U 060000000000000000000000000000000000000000000000000000000000000000000000210940000000000210940000000000000000000000000000000512202405122024    00000000000000000000000                       802567575600000000000000000000       
7560001300015T 0605631000000200644540000028783401011     143590422000000010122024000000000033371104040800                         091000053378733853PEDRO TAMOTSU HARA                      00000000000000000000003500000000004                 
7560001300016U 060000000000000000000000000000000000000000000000000000000000000000000000333710000000000333710000000000000000000000000000000512202405122024    00000000000000000000000                       802656075600000000000000000000       
7560001300017T 0605631000000200644540000028784101011     141589169000000010122024000000000024000237012310                         091000011874897867LUIZ ALEXANDRE PROFITTI                 00000000000000000000003500000000004                 
7560001300018U 060000000000000000000000000000000000000000000000000000000000000000000000240000000000000240000000000000000000000000000000000512202405122024    00000000000000000000000                       802712375600000000000000000000       
7560001300019T 0605631000000200644540000028785901011     140244181900000005122024000000000024804237005930                         091000028597539828ROSANGELA DE LOURDES MENDES             00000000000000000000003500000000004                 
7560001300020U 060000000000000000000000000000000000000000000000000000000000000000000000248040000000000248040000000000000000000000000000000512202405122024    00000000000000000000000                       802661575600000000000000000000       
7560001300021T 0605631000000200644540000028797701011     142653140000000010122024000000000028090341006460                         091000048087608860BIANCA OLIVEIRA SILVA                   00000000000000000000003500000000004                 
7560001300022U 060000000000000000000000000000000000000000000000000000000000000000000000280900000000000280900000000000000000000000000000000512202405122024    00000000000000000000000                       802680975600000000000000000000       
7560001300023T 0605631000000200644540000028799101011     139046840000000005122024000000000023320341062410                         091000015257641879CARLOS ALEXANDRE RIBEIRINHO             00000000000000000000003500000000004                 
7560001300024U 060000000000000000000000000000000000000000000000000000000000000000000000233200000000000233200000000000000000000000000000000512202405122024    00000000000000000000000                       802688875600000000000000000000       
7560001300025T 0605631000000200644540000028804401011     142455153200000005122024000000000037100341062410                         091000015257641879CARLOS ALEXANDRE RIBEIRINHO             00000000000000000000003500000000004                 
7560001300026U 060000000000000000000000000000000000000000000000000000000000000000000000371000000000000371000000000000000000000000000000000512202405122024    00000000000000000000000                       802719775600000000000000000000       
7560001300027T 0605631000000200644540000028952001011     139908127700000025122024000000000036729001058030                         091000054691277889GABRIEL NOGUEIRA MARTINS ALVARENGA      00000000000000000000003500000000004                 
7560001300028U 060000000000000000000000000000000000000000000000000000000000000000000000367290000000000367290000000000000000000000000000000512202405122024    00000000000000000000000                       802644175600000000000000000000       
75600015         00003000001400000000000451217000000000000000000000000000000000000000000000000000000000000000000000                                                                                                                             
75699999         000001000032000000                                                                                                                                                                                                             
