75600000         229492820000120                    05631000000200873060ANEXA IDIOMAS LTDA            SICOOB                                  20108202409225200110108500000                                                                     
75600011T01  043 2029492820000120          563100002405631000000200873060ANEXA IDIOMAS LTDA                                                                                            000000000108202400000000                                 
7560001300001T 0605631000000200873060000027504701011     141916204200000010082024000000000022880341073860                         091000041101415835CAROLINE BRITO DE DEUS OLIVEIRA         00000000000000000000003500000000004                 
7560001300002U 060000000000000000000000000000000000000000000000000000000000000000000000228800000000000228800000000000000000000000000000003107202431072024    00000000000000000000000                       769392175600000000000000000000       
7560001300003T 0605631000000200873060000027591801011     140735161900000015082024000000000017750033036290                         091000073446530363ANTONIO IRAILSON BEZERRA SABOIA         00000000000000000000003500000000004                 
7560001300004U 060000000000000000000000000000000000000000000000000000000000000000000000177500000000000177500000000000000000000000000000003107202431072024    00000000000000000000000                       769469875600000000000000000000       
75600015         00000600000200000000000040630000000000000000000000000000000000000000000000000000000000000000000000                                                                                                                             
75699999         000001000008000000                                                                                                                                                                                                             
