75600000         219895217000135                    05631000000200644540IWS CURSOS DE IDIOMAS LTDA    SICOOB                                  23010202411215700142008500000                                                                     
75600011T01  043 2019895217000135          563100002405631000000200644540IWS CURSOS DE IDIOMAS LTDA                                                                                    000000003010202400000000                                 
7560001300001T 0605631000000200644540000028387601011     142615195000000030102024000000000021000341014910                         091000044237668843AMERICO RICARDO COUTINHO DIAS           00000000000000000000003500000000004                 
7560001300002U 060000000000000000000000000000000000000000000000000000000000000000000000210000000000000210000000000000000000000000000000002910202429102024    00000000000000000000000                       792890875600000000000000000000       
7560001300003T 0605631000000200644540000028390901011     142699194900000030102024000000000021000033039610                         091000045242750880CAMILA CARVALHO BARBOSA NEVES DIAS      00000000000000000000003500000000004                 
7560001300004U 060000000000000000000000000000000000000000000000000000000000000000000000210000000000000210000000000000000000000000000000002910202429102024    00000000000000000000000                       792886875600000000000000000000       
7560001300005T 0605631000000200644540000028440201011     142921206800000010112024000000000035200341090330                         091000022022841840DENISE VALENTE EVA                      00000000000000000000003500000000004                 
7560001300006U 060000000000000000000000000000000000000000000000000000000000000000000000352000000000000352000000000000000000000000000000002910202429102024    00000000000000000000000                       792972575600000000000000000000       
75600015         00000800000300000000000077200000000000000000000000000000000000000000000000000000000000000000000000                                                                                                                             
75699999         000001000010000000                                                                                                                                                                                                             
