75600000         232970660000191                    05631000000200980140EDUULMC CURSOS DE IDIOMAS LTDASICOOB                                  21302202508414300097308500000                                                                     
75600011T01  043 2032970660000191          563100002405631000000200980140EDUULMC CURSOS DE IDIOMAS LTDA                                                                                000000001302202500000000                                 
7560001300001T 0905631000000200980140000027602701011     141113200800000015082024000000000015000756056310                         091000006158174670JOYCE ROBERTA LOPES DIAS                00000000000000000000003500000000013                 
7560001300002U 090000000000000000000000000000000000000000000000000000000000000000000000000000000000000000000000000000000000000000000000001202202512022025    00000000000000000000000                       821505475600000000000000000000       
7560001300003T 0905631000000200980140000027603401011     138713180900000015082024000000000031800756056310                         091000037432422818GABRIELA APARECIDA DE ANDRADE SILVA     00000000000000000000003500000000013                 
7560001300004U 090000000000000000000000000000000000000000000000000000000000000000000000000000000000000000000000000000000000000000000000001202202512022025    00000000000000000000000                       821505575600000000000000000000       
7560001300005T 0905631000000200980140000027606601011     142853193500000015082024000000000033920756056310                         091000043096173877RAIAN CASSEMIRO                         00000000000000000000003500000000013                 
7560001300006U 090000000000000000000000000000000000000000000000000000000000000000000000000000000000000000000000000000000000000000000000001202202512022025    00000000000000000000000                       821505675600000000000000000000       
7560001300007T 0905631000000200980140000027607301011     141308201800000015082024000000000035200756056310                         091000034347989865THAMIRES CARDOSO DE LOURENCO            00000000000000000000003500000000013                 
7560001300008U 090000000000000000000000000000000000000000000000000000000000000000000000000000000000000000000000000000000000000000000000001202202512022025    00000000000000000000000                       821504575600000000000000000000       
7560001300009T 0905631000000200980140000027670801011     143660210000000015082024000000000014000756056310                         091000043572947898BRUNO FUZEL MUNHOZ                      00000000000000000000003500000000013                 
7560001300010U 090000000000000000000000000000000000000000000000000000000000000000000000000000000000000000000000000000000000000000000000001202202512022025    00000000000000000000000                       821504675600000000000000000000       
7560001300011T 0905631000000200980140000027671501011     143684210000000015082024000000000005000756056310                         091000043572947898BRUNO FUZEL MUNHOZ                      00000000000000000000003500000000013                 
7560001300012U 090000000000000000000000000000000000000000000000000000000000000000000000000000000000000000000000000000000000000000000000001202202512022025    00000000000000000000000                       821504775600000000000000000000       
7560001300013T 0905631000000200980140000027673001011     143700210100000015082024000000000005000756056310                         091000047117018852VICTOR TORRES GONZAGA                   00000000000000000000003500000000013                 
7560001300014U 090000000000000000000000000000000000000000000000000000000000000000000000000000000000000000000000000000000000000000000000001202202512022025    00000000000000000000000                       821504875600000000000000000000       
7560001300015T 0605631000000200980140000029458301011     141665202400000010022025000000000032000033022710                         091000008992109610SUELY GONCALVES DA SILVA                00000000000000000000003500000000004                 
7560001300016U 060000000000006620000000000000000000000000000000000000000000000000000000326620000000000326620000000000000000000000000000001202202512022025    00000000000000000000000                       821395975600000000000000000000       
7560001300017T 0605631000000200980140000029517301011     145022331000000015022025000000000086517237001560                         091000017129471840LISANDRA MARQUES ALISEDA SEDRANI        00000000000000000000003500000000004                 
7560001300018U 060000000000000000000000000000000000000000000000000000000000000000000000865170000000000865170000000000000000000000000000001202202512022025    00000000000000000000000                       821358475600000000000000000000       
75600015         00002000000900000000000258437000000000000000000000000000000000000000000000000000000000000000000000                                                                                                                             
75699999         000001000022000000                                                                                                                                                                                                             
