75600000         229492820000120                    05631000000200873060ANEXA IDIOMAS LTDA            SICOOB                                  22907202408425500109808500000                                                                     
75600011T01  043 2029492820000120          563100002405631000000200873060ANEXA IDIOMAS LTDA                                                                                            000000002907202400000000                                 
7560001300001T 0605631000000200873060000027454301011     140024188100000005082024000000000018974341063110                         091000026928896817MARCIO RICARDO ARAUJO                   00000000000000000000003500000000004                 
7560001300002U 060000000000000000000000000000000000000000000000000000000000000000000000189740000000000189740000000000000000000000000000002607202426072024    00000000000000000000000                       768432275600000000000000000000       
75600015         00000400000100000000000018974000000000000000000000000000000000000000000000000000000000000000000000                                                                                                                             
75699999         000001000006000000                                                                                                                                                                                                             
