75600000         232970660000191                    05631000000200980140EDUULMC CURSOS DE IDIOMAS LTDASICOOB                                  20301202514220800095108500000                                                                     
75600011T01  043 2032970660000191          563100002405631000000200980140EDUULMC CURSOS DE IDIOMAS LTDA                                                                                000000000301202500000000                                 
7560001300001T 0905631000000200980140000027149301011     141226201400000005072024000000000028300756056310                         091000030377225843MARLEIDE DE LIMA PAZZOTTI               00000000000000000000003500000000013                 
7560001300002U 090000000000000000000000000000000000000000000000000000000000000000000000000000000000000000000000000000000000000000000000000201202502012025    00000000000000000000000                       809987875600000000000000000000       
7560001300003T 0905631000000200980140000027150101011     139975188700000005072024000000000033920756056310                         091000036826948893IRIS MIQUELINE BRITO                    00000000000000000000003500000000013                 
7560001300004U 090000000000000000000000000000000000000000000000000000000000000000000000000000000000000000000000000000000000000000000000000201202502012025    00000000000000000000000                       809988075600000000000000000000       
7560001300005T 0905631000000200980140000027151901011     140782190200000005072024000000000025631756056310                         091000045603241829JOAO VICTOR SILVA LIMA DE OLIVEIRA      00000000000000000000003500000000013                 
7560001300006U 090000000000000000000000000000000000000000000000000000000000000000000000000000000000000000000000000000000000000000000000000201202502012025    00000000000000000000000                       809988275600000000000000000000       
7560001300007T 0905631000000200980140000027154001011     140878549000000005072024000000000020693756056310                         091000022777304831THAIS DA SILVA BARBOSA                  00000000000000000000003500000000013                 
7560001300008U 090000000000000000000000000000000000000000000000000000000000000000000000000000000000000000000000000000000000000000000000000201202502012025    00000000000000000000000                       809988475600000000000000000000       
7560001300009T 0605631000000200980140000029002401011     143691210200000030122024000000000038720341037530                         091000007806315799 LUCIANA RIBEIRO ALVES                  00000000000000000000003500000000004                 
7560001300010U 060000000000007870000000000000000000000000000000000000000000000000000000395070000000000395070000000000000000000000000000000201202502012025    00000000000000000000000                       809737475600000000000000000000       
7560001300011T 0605631000000200980140000029019901011     144657215700000030122024000000000007500260000010                         091000033997200840MARJORIE GONCALVES DOS SANTOS           00000000000000000000003500000000004                 
7560001300012U 060000000000001560000000000000000000000000000000000000000000000000000000076560000000000076560000000000000000000000000000000201202502012025    00000000000000000000000                       809699475600000000000000000000       
75600015         00001400000600000000000154764000000000000000000000000000000000000000000000000000000000000000000000                                                                                                                             
75699999         000001000016000000                                                                                                                                                                                                             
