75600000         229492820000120                    05631000000200873060ANEXA IDIOMAS LTDA            SICOOB                                  20309202408232700111808500000                                                                     
75600011T01  043 2029492820000120          563100002405631000000200873060ANEXA IDIOMAS LTDA                                                                                            000000000309202400000000                                 
7560001300001T 0905631000000200873060000025862101011     139647186900000005032024000000000018974756056310                         091000019275440840DANIELA APARECIDA FERREIRA CHAVES       00000000000000000000003500000000013                 
7560001300002U 090000000000000000000000000000000000000000000000000000000000000000000000000000000000000000000000000000000000000000000000000209202402092024    00000000000000000000000                       777791375600000000000000000000       
7560001300003T 0905631000000200873060000025875701011     140031187100000005032024000000000017914756056310                         091000058254616809MARCO RODRIGUES PEREIRA                 00000000000000000000003500000000013                 
7560001300004U 090000000000000000000000000000000000000000000000000000000000000000000000000000000000000000000000000000000000000000000000000209202402092024    00000000000000000000000                       777791575600000000000000000000       
7560001300005T 0905631000000200873060000025884301011     138029523000000005032024000000000025338756056310                         091000008745532885VANDA UTINO MOREIRA                     00000000000000000000003500000000013                 
7560001300006U 090000000000000000000000000000000000000000000000000000000000000000000000000000000000000000000000000000000000000000000000000209202402092024    00000000000000000000000                       777791775600000000000000000000       
7560001300007T 0605631000000200873060000027780001011     143441208100000005092024000000000028400079000010                         091000048719557884MARIA LUIZA CESARIO MARTINS             00000000000000000000003500000000004                 
7560001300008U 060000000000000000000000000000000000000000000000000000000000000000000000284000000000000284000000000000000000000000000000000209202402092024    00000000000000000000000                       777500775600000000000000000000       
7560001300009T 0605631000000200873060000027782501011     140265134000000005092024000000000040810341096360                         091000010823630811SANDRO APARECIDO IGNACIO                00000000000000000000003500000000004                 
7560001300010U 060000000000000000000000000000000000000000000000000000000000000000000000408100000000000408100000000000000000000000000000000209202402092024    00000000000000000000000                       777621675600000000000000000000       
75600015         00001200000500000000000131436000000000000000000000000000000000000000000000000000000000000000000000                                                                                                                             
75699999         000001000014000000                                                                                                                                                                                                             
