75600000         229492820000120                    05631000000200873060ANEXA IDIOMAS LTDA            SICOOB                                  20111202409011600114808500000                                                                     
75600011T01  043 2029492820000120          563100002405631000000200873060ANEXA IDIOMAS LTDA                                                                                            000000000111202400000000                                 
7560001300001T 0605631000000200873060000028408301011     140395197200000001112024000000000048000341037970                         091000034063550800ADRIANO CARNEVALI FERRO                 00000000000000000000003500000000004                 
7560001300002U 060000000000000000000000000000000000000000000000000000000000000000000000480000000000000480000000000000000000000000000000003110202431102024    00000000000000000000000                       793282575600000000000000000000       
7560001300003T 0605631000000200873060000028409001011     140343197300000001112024000000000017900341037970                         091000034063550800ADRIANO CARNEVALI FERRO                 00000000000000000000003500000000004                 
7560001300004U 060000000000000000000000000000000000000000000000000000000000000000000000179000000000000179000000000000000000000000000000003110202431102024    00000000000000000000000                       793297775600000000000000000000       
75600015         00000600000200000000000065900000000000000000000000000000000000000000000000000000000000000000000000                                                                                                                             
75699999         000001000008000000                                                                                                                                                                                                             
