75600000         232970660000191                    05631000000200980140EDUULMC CURSOS DE IDIOMAS LTDASICOOB                                  20409202409213900089608500000                                                                     
75600011T01  043 2032970660000191          563100002405631000000200980140EDUULMC CURSOS DE IDIOMAS LTDA                                                                                000000000409202400000000                                 
7560001300001T 0605631000000200980140000027790701011     140880549000000005092024000000000020693001035590                         091000022777304831THAIS DA SILVA BARBOSA                  00000000000000000000003500000000004                 
7560001300002U 060000000000000000000000000000000000000000000000000000000000000000000000206930000000000206930000000000000000000000000000000309202403092024    00000000000000000000000                       778109575600000000000000000000       
7560001300003T 0605631000000200980140000027928301011     143369170300000010092024000000000005000001068820                         091000033280346843ANSELMO DA SILVA                        00000000000000000000003500000000004                 
7560001300004U 060000000000000000000000000000000000000000000000000000000000000000000000050000000000000050000000000000000000000000000000000309202403092024    00000000000000000000000                       778111175600000000000000000000       
75600015         00000600000200000000000025693000000000000000000000000000000000000000000000000000000000000000000000                                                                                                                             
75699999         000001000008000000                                                                                                                                                                                                             
