75600000         219895217000135                    05631000000200644540IWS CURSOS DE IDIOMAS LTDA    SICOOB                                  21111202406224800142808500000                                                                     
75600011T01  043 2019895217000135          563100002405631000000200644540IWS CURSOS DE IDIOMAS LTDA                                                                                    000000001111202400000000                                 
7560001300001T 0605631000000200644540000028448001011     143718210400000010112024000000000038000033000890                         091000035003158874GABRIELA CARVALHO                       00000000000000000000003500000000004                 
7560001300002U 060000000000000000000000000000000000000000000000000000000000000000000000380000000000000380000000000000000000000000000000000811202408112024    00000000000000000000000                       795603275600000000000000000000       
7560001300003T 0605631000000200644540000028449801011     143729210400000010112024000000000005000033000890                         091000035003158874GABRIELA CARVALHO                       00000000000000000000003500000000004                 
7560001300004U 060000000000000000000000000000000000000000000000000000000000000000000000050000000000000050000000000000000000000000000000000811202408112024    00000000000000000000000                       795666975600000000000000000000       
7560001300005T 0605631000000200644540000028450601011     144200213000000010112024000000000024000001068340                         091000038744936877GABRIELA GOMES TITANERO                 00000000000000000000003500000000004                 
7560001300006U 060000000000000000000000000000000000000000000000000000000000000000000000240000000000000240000000000000000000000000000000000811202408112024    00000000000000000000000                       795585075600000000000000000000       
7560001300007T 0605631000000200644540000028480701011     144103212400000010112024000000000036700237012310                         091000032139645812TATIANA MATOS SILVA                     00000000000000000000003500000000004                 
7560001300008U 060000000000000000000000000000000000000000000000000000000000000000000000367000000000000367000000000000000000000000000000000811202408112024    00000000000000000000000                       795524075600000000000000000000       
7560001300009T 0605631000000200644540000028481401011     144115212400000010112024000000000036700237012310                         091000032139645812TATIANA MATOS SILVA                     00000000000000000000003500000000004                 
7560001300010U 060000000000000000000000000000000000000000000000000000000000000000000000367000000000000367000000000000000000000000000000000811202408112024    00000000000000000000000                       795561375600000000000000000000       
7560001300011T 0605631000000200644540000028597301011     138889124200000015112024000000000036729237001560                         091000017129471840LISANDRA MARQUES ALISEDA SEDRANI        00000000000000000000003500000000004                 
7560001300012U 060000000000000000000000000000000000000000000000000000000000000000000000367290000000000367290000000000000000000000000000000811202408112024    00000000000000000000000                       795521375600000000000000000000       
7560001300013T 0605631000000200644540000028624801011     139775153000000020112024000000000004904033034090                         091000032300678861DIOGO NEVES MARINHO                     00000000000000000000003500000000004                 
7560001300014U 060000000000000000000000000000000000000000000000000000000000000000000000049040000000000049040000000000000000000000000000000811202408112024    00000000000000000000000                       795608075600000000000000000000       
75600015         00001600000700000000000182033000000000000000000000000000000000000000000000000000000000000000000000                                                                                                                             
75699999         000001000018000000                                                                                                                                                                                                             
