75600000         219895217000135                    05631000000200644540IWS CURSOS DE IDIOMAS LTDA    SICOOB                                  22609202409011300139908500000                                                                     
75600011T01  043 2019895217000135          563100002405631000000200644540IWS CURSOS DE IDIOMAS LTDA                                                                                    000000002609202400000000                                 
7560001300001T 0905631000000200644540000026068201011     139611189600000028032024000000000025440756056310                         091000013037278897NORMA SUELY COUTO SANTANA               00000000000000000000003500000000013                 
7560001300002U 090000000000000000000000000000000000000000000000000000000000000000000000000000000000000000000000000000000000000000000000002509202425092024    00000000000000000000000                       784435275600000000000000000000       
7560001300003T 0605631000000200644540000028037201011     143641161100000025092024000000000005000033008350                         091000016059959830SILVANA FERREIRA DAMACENA               00000000000000000000003500000000004                 
7560001300004U 060000000000000000000000000000000000000000000000000000000000000000000000050000000000000050000000000000000000000000000000002509202425092024    00000000000000000000000                       784294575600000000000000000000       
7560001300005T 0605631000000200644540000028045101011     139415125800000025092024000000000040810341003750                         091000044218123829NATHALIA VIRGINIA GOMES                 00000000000000000000003500000000004                 
7560001300006U 060000000000000000000000000000000000000000000000000000000000000000000000408100000000000408100000000000000000000000000000002509202425092024    00000000000000000000000                       784300175600000000000000000000       
7560001300007T 0605631000000200644540000028143901011     143479208400000010102024000000000038720341040880                         091000015095382830CRISTINA MAKIKO SAITO HIRANO            00000000000000000000003500000000004                 
7560001300008U 060000000000000000000000000000000000000000000000000000000000000000000000387200000000000387200000000000000000000000000000002509202425092024    00000000000000000000000                       784367475600000000000000000000       
7560001300009T 0605631000000200644540000028169001011     142867537000000010102024000000000055618341070550                         091000009017220813SUZI SANTOS MONIZ                       00000000000000000000003500000000004                 
7560001300010U 060000000000000000000000000000000000000000000000000000000000000000000000556180000000000556180000000000000000000000000000002509202425092024    00000000000000000000000                       784370275600000000000000000000       
75600015         00001200000500000000000165588000000000000000000000000000000000000000000000000000000000000000000000                                                                                                                             
75699999         000001000014000000                                                                                                                                                                                                             
