75600000         219895217000135                    05631000000200644540IWS CURSOS DE IDIOMAS LTDA    SICOOB                                  20111202409011600142208500000                                                                     
75600011T01  043 2019895217000135          563100002405631000000200644540IWS CURSOS DE IDIOMAS LTDA                                                                                    000000000111202400000000                                 
7560001300001T 0605631000000200644540000028392301011     139104143000000031102024000000000038503341019760                         091000041922650870DEBORA SIQUEIRA DA SILVA                00000000000000000000003500000000004                 
7560001300002U 060000000000000000000000000000000000000000000000000000000000000000000000385030000000000385030000000000000000000000000000003110202431102024    00000000000000000000000                       793280775600000000000000000000       
7560001300003T 0605631000000200644540000028397001011     143840211300000030102024000000000038700001068150                         091000042656568897LAYANA BRITO LIMA                       00000000000000000000003500000000004                 
7560001300004U 060000000000007870000000000000000000000000000000000000000000000000000000394870000000000394870000000000000000000000000000003110202431102024    00000000000000000000000                       793261875600000000000000000000       
7560001300005T 0605631000000200644540000028401501011     139476542000000031102024000000000038503001012670                         091000018743687830TANIA CORREA DA SILVA                   00000000000000000000003500000000004                 
7560001300006U 060000000000000000000000000000000000000000000000000000000000000000000000385030000000000385030000000000000000000000000000003110202431102024    00000000000000000000000                       793375875600000000000000000000       
7560001300007T 0605631000000200644540000028473501011     143589422000000010112024000000000033371104040800                         091000053378733853PEDRO TAMOTSU HARA                      00000000000000000000003500000000004                 
7560001300008U 060000000000000000000000000000000000000000000000000000000000000000000000333710000000000333710000000000000000000000000000003110202431102024    00000000000000000000000                       793266675600000000000000000000       
75600015         00001000000400000000000149077000000000000000000000000000000000000000000000000000000000000000000000                                                                                                                             
75699999         000001000012000000                                                                                                                                                                                                             
