75600000         219895217000135                    05631000000200644540IWS CURSOS DE IDIOMAS LTDA    SICOOB                                  20502202512023400147808500000                                                                     
75600011T01  043 2019895217000135          563100002405631000000200644540IWS CURSOS DE IDIOMAS LTDA                                                                                    000000000502202500000000                                 
7560001300001T 0605631000000200644540000029035701011     143592422000000010022025000000000033371104040800                         091000053378733853PEDRO TAMOTSU HARA                      00000000000000000000003500000000004                 
7560001300002U 060000000000000000000000000000000000000000000000000000000000000000000000333710000000000333710000000000000000000000000000000402202504022025    00000000000000000000000                       818416475600000000000000000000       
7560001300003T 0605631000000200644540000029355001011     142433595000000005022025000000000028302033010360                         091000098867539000LUCIANA HISAYO ENDO                     00000000000000000000003500000000004                 
7560001300004U 060000000000000000000000000000000000000000000000000000000000000000000000283020000000000283020000000000000000000000000000000402202504022025    00000000000000000000000                       818303675600000000000000000000       
7560001300005T 0605631000000200644540000029357401011     140186420000000005022025000000000028230033039610                         091000011632733846PAULO SERGIO GONCALVES DE OLIVEIRA      00000000000000000000003500000000004                 
7560001300006U 060000000000000000000000000000000000000000000000000000000000000000000000282300000000000282300000000000000000000000000000000402202504022025    00000000000000000000000                       818306775600000000000000000000       
7560001300007T 0605631000000200644540000029359901011     143322155700000005022025000000000028090341066900                         091000043483096809SABRINA DE OLIVEIRA TAVARES             00000000000000000000003500000000004                 
7560001300008U 060000000000000000000000000000000000000000000000000000000000000000000000280900000000000280900000000000000000000000000000000402202504022025    00000000000000000000000                       818440175600000000000000000000       
7560001300009T 0605631000000200644540000029377101011     144842207000000010022025000000000034728001029220                         091000009240151796FABIANA CRISTINA DE OLIVEIRA            00000000000000000000003500000000004                 
7560001300010U 060000000000000000000000000000000000000000000000000000000000000000000000347280000000000347280000000000000000000000000000000402202504022025    00000000000000000000000                       818405375600000000000000000000       
7560001300011T 0605631000000200644540000029384301011     139718183000000010022025000000000028302237005930                         091000032988336814CARLOS HENRIQUE DE OLIVEIRA             00000000000000000000003500000000004                 
7560001300012U 060000000000000000000000000000000000000000000000000000000000000000000000283020000000000283020000000000000000000000000000000402202504022025    00000000000000000000000                       818297575600000000000000000000       
7560001300013T 0605631000000200644540000029389001011     141483169200000010022025000000000024000237012310                         091000011874897867LUIZ ALEXANDRE PROFITTI                 00000000000000000000003500000000004                 
7560001300014U 060000000000000000000000000000000000000000000000000000000000000000000000240000000000000240000000000000000000000000000000000402202504022025    00000000000000000000000                       818463975600000000000000000000       
7560001300015T 0605631000000200644540000029402101011     141591169000000010022025000000000024000237012310                         091000011874897867LUIZ ALEXANDRE PROFITTI                 00000000000000000000003500000000004                 
7560001300016U 060000000000000000000000000000000000000000000000000000000000000000000000240000000000000240000000000000000000000000000000000402202504022025    00000000000000000000000                       818420975600000000000000000000       
7560001300017T 0605631000000200644540000029483801011     142058152800000015022025000000000010000341000770                         091000031112058869MARCIA ROSA DE ARRUDA                   00000000000000000000003500000000004                 
7560001300018U 060000000000000000000000000000000000000000000000000000000000000000000000100000000000000100000000000000000000000000000000000402202504022025    00000000000000000000000                       818307875600000000000000000000       
7560001300019T 0605631000000200644540000029522001011     146301198200000010022025000000000023850001068210                         091000032864696886DANILO NOVO OTAVIANO                    00000000000000000000003500000000004                 
7560001300020U 060000000000000000000000000000000000000000000000000000000000000000000000238500000000000238500000000000000000000000000000000402202504022025    00000000000000000000000                       818287075600000000000000000000       
75600015         00002200001000000000000262873000000000000000000000000000000000000000000000000000000000000000000000                                                                                                                             
75699999         000001000024000000                                                                                                                                                                                                             
