75600000         219895217000135                    05631000000200644540IWS CURSOS DE IDIOMAS LTDA    SICOOB                                  20310202410012500140408500000                                                                     
75600011T01  043 2019895217000135          563100002405631000000200644540IWS CURSOS DE IDIOMAS LTDA                                                                                    000000000310202400000000                                 
7560001300001T 0605631000000200644540000028039701011     139259950000000025092024000000000024253237009650                         091000009304309808JOAO GABRIEL ZUANETTI                   00000000000000000000003500000000004                 
7560001300002U 060000000000005410000000000000000000000000000000000000000000000000000000247940000000000247940000000000000000000000000000000210202402102024    00000000000000000000000                       785777575600000000000000000000       
7560001300003T 0605631000000200644540000028047601011     142958207100000030092024000000000034320341085760                         091000005628080942RAPHAELA FILIPPETTO                     00000000000000000000003500000000004                 
7560001300004U 060000000000007080000000000000000000000000000000000000000000000000000000350280000000000350280000000000000000000000000000000210202402102024    00000000000000000000000                       785798575600000000000000000000       
7560001300005T 0605631000000200644540000028155701011     139248128400000010102024000000000034662341007560                         091000000623528819ANTONIO CARLOS DA SILVA                 00000000000000000000003500000000004                 
7560001300006U 060000000000000000000000000000000000000000000000000000000000000000000000346620000000000346620000000000000000000000000000000210202402102024    00000000000000000000000                       785790775600000000000000000000       
7560001300007T 0605631000000200644540000028176101011     143090143100000010102024000000000043259001058030                         091000017612949890ELISABETH NOGUEIRA MARTINS              00000000000000000000003500000000004                 
7560001300008U 060000000000000000000000000000000000000000000000000000000000000000000000432590000000000432590000000000000000000000000000000210202402102024    00000000000000000000000                       785886975600000000000000000000       
7560001300009T 0605631000000200644540000028177901011     143919143100000010102024000000000015000001058030                         091000017612949890ELISABETH NOGUEIRA MARTINS              00000000000000000000003500000000004                 
7560001300010U 060000000000000000000000000000000000000000000000000000000000000000000000150000000000000150000000000000000000000000000000000210202402102024    00000000000000000000000                       785930975600000000000000000000       
75600015         00001200000500000000000151494000000000000000000000000000000000000000000000000000000000000000000000                                                                                                                             
75699999         000001000014000000                                                                                                                                                                                                             
