75600000         219895217000135                    05631000000200644540IWS CURSOS DE IDIOMAS LTDA    SICOOB                                  21712202409245100144908500000                                                                     
75600011T01  043 2019895217000135          563100002405631000000200644540IWS CURSOS DE IDIOMAS LTDA                                                                                    000000001712202400000000                                 
7560001300001T 0605631000000200644540000028860701011     141351400000000015122024000000000109000456000020                         092010911237000269MIMAKI RECIFE                           00000000000000000000003500000000004                 
7560001300002U 060000000000000000000000000000000000000000000000000000000000000000000001090000000000001090000000000000000000000000000000001612202416122024    00000000000000000000000                       806267375600000000000000000000       
7560001300003T 0605631000000200644540000028861401011     141363300000000015122024000000000327000033009380                         092010911237000340MIMAKI BLUMENAL                         00000000000000000000003500000000004                 
7560001300004U 060000000000000000000000000000000000000000000000000000000000000000000003270000000000003270000000000000000000000000000000001612202416122024    00000000000000000000000                       806275775600000000000000000000       
7560001300005T 0605631000000200644540000028862101011     141375100000000015122024000000000327000456000020                         092010911237000188MIMAKI SAO PAULO                        00000000000000000000003500000000004                 
7560001300006U 060000000000000000000000000000000000000000000000000000000000000000000003270000000000003270000000000000000000000000000000001612202416122024    00000000000000000000000                       806267475600000000000000000000       
7560001300007T 0605631000000200644540000028866001011     139764131000000015122024000000000014711085011630                         091000004099091902DANIEL FELIPE FILACHOWSKI               00000000000000000000003500000000004                 
7560001300008U 060000000000000000000000000000000000000000000000000000000000000000000000147110000000000147110000000000000000000000000000001612202416122024    00000000000000000000000                       806320175600000000000000000000       
7560001300009T 0605631000000200644540000028873201011     140100185300000015122024000000000009628260000010                         091000009526613490MARIA EMILIA DE SOUZA SILVA             00000000000000000000003500000000004                 
7560001300010U 060000000000000000000000000000000000000000000000000000000000000000000000096280000000000096280000000000000000000000000000001612202416122024    00000000000000000000000                       805862375600000000000000000000       
7560001300011T 0605631000000200644540000028876401011     139406129900000015122024000000000045000033007280                         091000028789640802MONALIZA MARIA ALVES                    00000000000000000000003500000000004                 
7560001300012U 060000000000000000000000000000000000000000000000000000000000000000000000450000000000000450000000000000000000000000000000001612202416122024    00000000000000000000000                       806066975600000000000000000000       
7560001300013T 0605631000000200644540000028877101011     143001207300000015122024000000000009000033003410                         091000033745263812TIAGO MARCIANO DA SILVA                 00000000000000000000003500000000004                 
7560001300014U 060000000000000000000000000000000000000000000000000000000000000000000000090000000000000090000000000000000000000000000000001612202416122024    00000000000000000000000                       806239475600000000000000000000       
7560001300015T 0605631000000200644540000028888201011     139752163300000015122024000000000019080341031500                         091000030578064812CLEBER ROBERTO BERGER                   00000000000000000000003500000000004                 
7560001300016U 060000000000000000000000000000000000000000000000000000000000000000000000190800000000000190800000000000000000000000000000001612202416122024    00000000000000000000000                       806044875600000000000000000000       
7560001300017T 0605631000000200644540000028889001011     144134212700000015122024000000000025000341038090                         091000028048739860MARCELO DORNAS PANHOTTA NEVES           00000000000000000000003500000000004                 
7560001300018U 060000000000000000000000000000000000000000000000000000000000000000000000250000000000000250000000000000000000000000000000001612202416122024    00000000000000000000000                       806115975600000000000000000000       
7560001300019T 0605631000000200644540000028894701011     139800189800000015122024000000000021094633000010                         091000032297933827THALITA ALESSANDRA DE SOUZA             00000000000000000000003500000000004                 
7560001300020U 060000000000000000000000000000000000000000000000000000000000000000000000210940000000000210940000000000000000000000000000001612202416122024    00000000000000000000000                       806011575600000000000000000000       
7560001300021T 0605631000000200644540000028897901011     141703124000000015122024000000000031500033001400                         091000052522627805ERIC VINICIUS DA SILVA MARTINS          00000000000000000000003500000000004                 
7560001300022U 060000000000000000000000000000000000000000000000000000000000000000000000315000000000000315000000000000000000000000000000001612202416122024    00000000000000000000000                       806162475600000000000000000000       
7560001300023T 0605631000000200644540000028898601011     144231124000000015122024000000000005000033001400                         091000052522627805ERIC VINICIUS DA SILVA MARTINS          00000000000000000000003500000000004                 
7560001300024U 060000000000000000000000000000000000000000000000000000000000000000000000050000000000000050000000000000000000000000000000001612202416122024    00000000000000000000000                       806067475600000000000000000000       
7560001300025T 0605631000000200644540000028901401011     139130131900000015122024000000000065720341038090                         091000027899694850EVANDRO DE SANTANA CAVICCHIO            00000000000000000000003500000000004                 
7560001300026U 060000000000000000000000000000000000000000000000000000000000000000000000657200000000000657200000000000000000000000000000001612202416122024    00000000000000000000000                       806056375600000000000000000000       
7560001300027T 0605631000000200644540000028904601011     142569206500000015122024000000000037000033043390                         091000032100160893FERNANDA GHIRALDI NOBRE                 00000000000000000000003500000000004                 
7560001300028U 060000000000000000000000000000000000000000000000000000000000000000000000370000000000000370000000000000000000000000000000001612202416122024    00000000000000000000000                       806334975600000000000000000000       
7560001300029T 0605631000000200644540000028913201011     140775190300000015122024000000000015900633000010                         091000032297933827THALITA ALESSANDRA DE SOUZA             00000000000000000000003500000000004                 
7560001300030U 060000000000000000000000000000000000000000000000000000000000000000000000159000000000000159000000000000000000000000000000001612202416122024    00000000000000000000000                       806103175600000000000000000000       
7560001300031T 0605631000000200644540000028914001011     143494208500000015122024000000000021000341038090                         091000028048739860MARCELO DORNAS PANHOTTA NEVES           00000000000000000000003500000000004                 
7560001300032U 060000000000000000000000000000000000000000000000000000000000000000000000210000000000000210000000000000000000000000000000001612202416122024    00000000000000000000000                       806142775600000000000000000000       
7560001300033T 0605631000000200644540000028919601011     143821211200000015122024000000000036800104002710                         091000018600076862CAYO PARDOS LASTIRI                     00000000000000000000003500000000004                 
7560001300034U 060000000000000000000000000000000000000000000000000000000000000000000000368000000000000368000000000000000000000000000000001612202416122024    00000000000000000000000                       806542175600000000000000000000       
7560001300035T 0605631000000200644540000028922901011     142292205400000015122024000000000032000341088120                         091000033338296819LEIDIANE DOS SANTOS GOMES               00000000000000000000003500000000004                 
7560001300036U 060000000000000000000000000000000000000000000000000000000000000000000000320000000000000320000000000000000000000000000000001612202416122024    00000000000000000000000                       806261975600000000000000000000       
7560001300037T 0605631000000200644540000028924301011     138902158300000015122024000000000069960237003680                         091000024985557811VIVIANE MAGLIANO                        00000000000000000000003500000000004                 
7560001300038U 060000000000000000000000000000000000000000000000000000000000000000000000699600000000000699600000000000000000000000000000001612202416122024    00000000000000000000000                       806325075600000000000000000000       
7560001300039T 0605631000000200644540000028933001011     141013199300000015122024000000000019000001067610                         091000016909083865CATIA CIRLENE DE OLIVEIRA SANTOS        00000000000000000000003500000000004                 
7560001300040U 060000000000000000000000000000000000000000000000000000000000000000000000190000000000000190000000000000000000000000000000001612202416122024    00000000000000000000000                       806136675600000000000000000000       
7560001300041T 0605631000000200644540000028936101011     141856203800000015122024000000000018000341038090                         091000028048739860MARCELO DORNAS PANHOTTA NEVES           00000000000000000000003500000000004                 
7560001300042U 060000000000000000000000000000000000000000000000000000000000000000000000180000000000000180000000000000000000000000000000001612202416122024    00000000000000000000000                       806025175600000000000000000000       
7560001300043T 0605631000000200644540000028939301011     141844203700000015122024000000000020000341038090                         091000028048739860MARCELO DORNAS PANHOTTA NEVES           00000000000000000000003500000000004                 
7560001300044U 060000000000000000000000000000000000000000000000000000000000000000000000200000000000000200000000000000000000000000000000001612202416122024    00000000000000000000000                       806036275600000000000000000000       
7560001300045T 0605631000000200644540000028953701011     142749748000000015122024000000000035000033034090                         091000051097253813GABRIELA HIGA MONJAR SECKLER            00000000000000000000003500000000004                 
7560001300046U 060000000000000000000000000000000000000000000000000000000000000000000000350000000000000350000000000000000000000000000000001612202416122024    00000000000000000000000                       805959675600000000000000000000       
7560001300047T 0605631000000200644540000029124801011     140932102200000005012025000000000032629077000010                         091000043704621854VICTOR TONETTO MARQUES                  00000000000000000000003500000000004                 
7560001300048U 060000000000000000000000000000000000000000000000000000000000000000000000326290000000000326290000000000000000000000000000001612202416122024    00000000000000000000000                       806024475600000000000000000000       
75600015         00005000002400000000001346022000000000000000000000000000000000000000000000000000000000000000000000                                                                                                                             
75699999         000001000052000000                                                                                                                                                                                                             
