75600000         229492820000120                    05631000000200873060ANEXA IDIOMAS LTDA            SICOOB                                  20907202416500200108908500000                                                                     
75600011T01  043 2029492820000120          563100002405631000000200873060ANEXA IDIOMAS LTDA                                                                                            000000000907202400000000                                 
7560001300001T 0905631000000200873060000025206801011     138753176500000007012024000000000005500756056310                         091000019275440840DANIELA APARECIDA FERREIRA CHAVES       00000000000000000000003500000000013                 
7560001300002U 090000000000000000000000000000000000000000000000000000000000000000000000000000000000000000000000000000000000000000000000000807202408072024    00000000000000000000000                       763426975600000000000000000000       
7560001300003T 0605631000000200873060000026048201011     138801946000000010072024000000000024132033035590                         091000008023621840FRANCISCA FERNANDA NICOLAU DE CARVALHO  00000000000000000000003500000000004                 
7560001300004U 060000000000000000000000000000000000000000000000000000000000000000000000241320000000000241320000000000000000000000000000000807202408072024    00000000000000000000000                       763289975600000000000000000000       
7560001300005T 0605631000000200873060000027141201011     142950182400000005072024000000000003000341054170                         091000032193753830ADRIANA DA ROCHA FERREIRA               00000000000000000000003500000000004                 
7560001300006U 060000000000000630000000000000000000000000000000000000000000000000000000030630000000000030630000000000000000000000000000000807202408072024    00000000000000000000000                       763279775600000000000000000000       
7560001300007T 0605631000000200873060000027205901011     139317162200000010072024000000000029733341069060                         091000036877483839LARISSA BARBOZA                         00000000000000000000003500000000004                 
7560001300008U 060000000000000000000000000000000000000000000000000000000000000000000000297330000000000297330000000000000000000000000000000807202408072024    00000000000000000000000                       763214275600000000000000000000       
7560001300009T 0605631000000200873060000027216001011     140890166700000010072024000000000015000260000010                         091000028041743870TATIANE BRUNHARO                        00000000000000000000003500000000004                 
7560001300010U 060000000000000000000000000000000000000000000000000000000000000000000000150000000000000150000000000000000000000000000000000807202408072024    00000000000000000000000                       763718675600000000000000000000       
7560001300011T 0605631000000200873060000027284001011     142075152900000016072024000000000029150260000010                         091000028645823845EDNALVA RITA BEZERRA                    00000000000000000000003500000000004                 
7560001300012U 060000000000000000000000000000000000000000000000000000000000000000000000291500000000000291500000000000000000000000000000000807202408072024    00000000000000000000000                       763147775600000000000000000000       
75600015         00001400000600000000000106515000000000000000000000000000000000000000000000000000000000000000000000                                                                                                                             
75699999         000001000016000000                                                                                                                                                                                                             
