75600000         232970660000191                    05631000000200980140EDUULMC CURSOS DE IDIOMAS EIRESICOOB                                  21105202411425600084308500000                                                                     
75600011T01  043 2032970660000191          563100002405631000000200980140EDUULMC CURSOS DE IDIOMAS EIRE                                                                                000000001105202400000000                                 
7560001300001T 0605631000000200980140000026257501011     138299156900000010042024000000000032648001007170                         091000039367899831TAINA CABRAL SEIJAS                     00000000000000000000003500000000004                 
7560001300002U 060000000000009830000000000000000000000000000000000000000000000000000000336310000000000336310000000000000000000000000000001005202410052024    00000000000000000000000                       748578775600000000000000000000       
7560001300003T 0605631000000200980140000026618501011     138991183300000010052024000000000033920341037670                         091000034222814873ADELE JANDIRA HAIDAR PERUCHE            00000000000000000000003500000000004                 
7560001300004U 060000000000000000000000000000000000000000000000000000000000000000000000339200000000000339200000000000000000000000000000001005202410052024    00000000000000000000000                       748916675600000000000000000000       
7560001300005T 0605631000000200980140000026623201011     140612149500000010052024000000000018168756050040                         091000042109093862CELINA PEREIRA SANTIAGO                 00000000000000000000003500000000006                 
7560001300006U 060000000000000000000000000000000000000000000000000000000000000000000000181680000000000181680000000000000000000000000000001005202410052024    00000000000000000000000                       749009675600000000000000000000       
7560001300007T 0605631000000200980140000026624001011     136621152300000010052024000000000036729341040530                         091000017533829808CLEBER ANTONIO CHINELATO                00000000000000000000003500000000004                 
7560001300008U 060000000000000000000000000000000000000000000000000000000000000000000000367290000000000367290000000000000000000000000000001005202410052024    00000000000000000000000                       748729475600000000000000000000       
7560001300009T 0605631000000200980140000026628901011     141888193000000010052024000000000007500341013040                         091000009143497403EMANUELA GLEDSA RODRIGUES RIOS          00000000000000000000003500000000004                 
7560001300010U 060000000000000000000000000000000000000000000000000000000000000000000000075000000000000075000000000000000000000000000000001005202410052024    00000000000000000000000                       748532975600000000000000000000       
7560001300011T 0605631000000200980140000026629601011     137780193000000010052024000000000026770341013040                         091000009143497403EMANUELA GLEDSA RODRIGUES RIOS          00000000000000000000003500000000004                 
7560001300012U 060000000000000000000000000000000000000000000000000000000000000000000000267700000000000267700000000000000000000000000000001005202410052024    00000000000000000000000                       748702975600000000000000000000       
7560001300013T 0605631000000200980140000026637501011     139985161500000010052024000000000023203237065840                         091000062795015072MARCELO MACHADO                         00000000000000000000003500000000004                 
7560001300014U 060000000000000000000000000000000000000000000000000000000000000000000000232030000000000232030000000000000000000000000000001005202410052024    00000000000000000000000                       748546275600000000000000000000       
7560001300015T 0605631000000200980140000026642201011     139339160400000010052024000000000030304341091060                         091000043285071842LETICIA DA SILVA SOBREIRA               00000000000000000000003500000000004                 
7560001300016U 060000000000000000000000000000000000000000000000000000000000000000000000303040000000000303040000000000000000000000000000001005202410052024    00000000000000000000000                       748924475600000000000000000000       
7560001300017T 0605631000000200980140000026648601011     140840423000000010052024000000000028427341013040                         091000011279917792PETRIC RIOS BASTOS                      00000000000000000000003500000000004                 
7560001300018U 060000000000000000000000000000000000000000000000000000000000000000000000284270000000000284270000000000000000000000000000001005202410052024    00000000000000000000000                       748681675600000000000000000000       
7560001300019T 0605631000000200980140000026653301011     141656202400000010052024000000000032000260000010                         091000008992109610SUELY GONCALVES DA SILVA                00000000000000000000003500000000004                 
7560001300020U 060000000000000000000000000000000000000000000000000000000000000000000000320000000000000320000000000000000000000000000000001005202410052024    00000000000000000000000                       748840375600000000000000000000       
75600015         00002200001000000000000269669000000000000000000000000000000000000000000000000000000000000000000000                                                                                                                             
75699999         000001000024000000                                                                                                                                                                                                             
