75600000         219895217000135                    05631000000200644540IWS CURSOS DE IDIOMAS LTDA    SICOOB                                  22312202419573200145308500000                                                                     
75600011T01  043 2019895217000135          563100002405631000000200644540IWS CURSOS DE IDIOMAS LTDA                                                                                    000000002312202400000000                                 
7560001300001T 0605631000000200644540000028882901011     139564197400000025122024000000000018000104002500                         091000028682214830MARCIA SILVA BONFIM DE SOUZA            00000000000000000000000000000000004                 
7560001300002U 060000000000000000000000000000000000000000000000000000000000000000000000180000000000000180000000000000000000000000000000002312202423122024    00000000000000000000000                       807916075600000000000000000000       
7560001300003T 0605631000000200644540000028886801011     142701194900000030122024000000000021000081000010                         091000045242750880CAMILA CARVALHO BARBOSA NEVES DIAS      00000000000000000000003500000000004                 
7560001300004U 060000000000000000000000000000000000000000000000000000000000000000000000210000000000000210000000000000000000000000000000002012202420122024    00000000000000000000000                       807787575600000000000000000000       
7560001300005T 0605631000000200644540000028887501011     140447198300000020122024000000000025000260000010                         091000044504887843CAMILA SILVA BARCELOS                   00000000000000000000003500000000004                 
7560001300006U 060000000000000000000000000000000000000000000000000000000000000000000000250000000000000250000000000000000000000000000000002012202420122024    00000000000000000000000                       807723875600000000000000000000       
7560001300007T 0605631000000200644540000028899301011     139848189400000020122024000000000025440033010360                         091000032198572800EVANDRO CARDOSO SOUZA                   00000000000000000000000000000000004                 
7560001300008U 060000000000005330000000000000000000000000000000000000000000000000000000259730000000000259730000000000000000000000000000002312202423122024    00000000000000000000000                       807873075600000000000000000000       
7560001300009T 0605631000000200644540000028900701011     139860189400000020122024000000000025440033010360                         091000032198572800EVANDRO CARDOSO SOUZA                   00000000000000000000000000000000004                 
7560001300010U 060000000000005330000000000000000000000000000000000000000000000000000000259730000000000259730000000000000000000000000000002312202423122024    00000000000000000000000                       807921675600000000000000000000       
7560001300011T 0605631000000200644540000028908501011     143780210900000030122024000000000023000033010360                         091000029447536816JANAINE CIRILA SILVA                    00000000000000000000003500000000004                 
7560001300012U 060000000000000000000000000000000000000000000000000000000000000000000000230000000000000230000000000000000000000000000000002012202420122024    00000000000000000000000                       807502075600000000000000000000       
7560001300013T 0605631000000200644540000028909201011     139178181300000025122024000000000018985104002500                         091000028682214830MARCIA SILVA BONFIM DE SOUZA            00000000000000000000000000000000004                 
7560001300014U 060000000000000000000000000000000000000000000000000000000000000000000000189850000000000189850000000000000000000000000000002312202423122024    00000000000000000000000                       807852575600000000000000000000       
7560001300015T 0605631000000200644540000028918901011     140016147600000020122024000000000031500033010360                         091000043062398884KARINE ARAUJO DOS ANJOS                 00000000000000000000003500000000004                 
7560001300016U 060000000000000000000000000000000000000000000000000000000000000000000000315000000000000315000000000000000000000000000000002012202420122024    00000000000000000000000                       807538375600000000000000000000       
7560001300017T 0605631000000200644540000028923601011     143176195900000020122024000000000063600033022710                         091000027789099825DANIELA COLAPIETRO RODRIGUES            00000000000000000000003500000000004                 
7560001300018U 060000000000000000000000000000000000000000000000000000000000000000000000636000000000000636000000000000000000000000000000002012202420122024    00000000000000000000000                       807771975600000000000000000000       
7560001300019T 0605631000000200644540000028928201011     142845354000000020122024000000000026993033007660                         091000021920881832MARCELO DA SILVA FREIRE                 00000000000000000000003500000000004                 
7560001300020U 060000000000000000000000000000000000000000000000000000000000000000000000269930000000000269930000000000000000000000000000002012202420122024    00000000000000000000000                       807501875600000000000000000000       
7560001300021T 0605631000000200644540000028949701011     143707210300000020122024000000000026700341016000                         091000054195109876WANESSA MORAES                          00000000000000000000000000000000004                 
7560001300022U 060000000000005610000000000000000000000000000000000000000000000000000000272610000000000272610000000000000000000000000000002312202423122024    00000000000000000000000                       807889575600000000000000000000       
7560001300023T 0605631000000200644540000029043601011     145277942000000025122024000000000032500341040990                         091000015450028865ELISABETE JOIA MINELLI CAMPOS           00000000000000000000000000000000004                 
7560001300024U 060000000000000000000000000000000000000000000000000000000000000000000000325000000000000325000000000000000000000000000000002312202423122024    00000000000000000000000                       807893575600000000000000000000       
7560001300025T 0605631000000200644540000029070501011     140433198200000010012025000000000022500001068210                         091000032864696886DANILO NOVO OTAVIANO                    00000000000000000000003500000000004                 
7560001300026U 060000000000000000000000000000000000000000000000000000000000000000000000225000000000000225000000000000000000000000000000002012202420122024    00000000000000000000000                       807485575600000000000000000000       
75600015         00002800001300000000000360658000000000000000000000000000000000000000000000000000000000000000000000                                                                                                                             
75699999         000001000030000000                                                                                                                                                                                                             
