75600000         229492820000120                    05631000000200873060ANEXA IDIOMAS LTDA            SICOOB                                  20511202408030400115008500000                                                                     
75600011T01  043 2029492820000120          563100002405631000000200873060ANEXA IDIOMAS LTDA                                                                                            000000000511202400000000                                 
7560001300001T 0905631000000200873060000026589301011     142314205600000005052024000000000032000756056310                         091000027230658802DAGMAR DE OLIVEIRA MOTA PENHA           00000000000000000000003500000000013                 
7560001300002U 090000000000000000000000000000000000000000000000000000000000000000000000000000000000000000000000000000000000000000000000000411202404112024    00000000000000000000000                       793962875600000000000000000000       
7560001300003T 0905631000000200873060000026590101011     142326205600000006052024000000000016000756056310                         091000027230658802DAGMAR DE OLIVEIRA MOTA PENHA           00000000000000000000003500000000013                 
7560001300004U 090000000000000000000000000000000000000000000000000000000000000000000000000000000000000000000000000000000000000000000000000411202404112024    00000000000000000000000                       793985675600000000000000000000       
7560001300005T 0905631000000200873060000026596501011     140033187100000005052024000000000017914756056310                         091000058254616809MARCO RODRIGUES PEREIRA                 00000000000000000000003500000000013                 
7560001300006U 090000000000000000000000000000000000000000000000000000000000000000000000000000000000000000000000000000000000000000000000000411202404112024    00000000000000000000000                       793963075600000000000000000000       
7560001300007T 0605631000000200873060000028495401011     142954182400000005112024000000000003000341054170                         091000032193753830ADRIANA DA ROCHA FERREIRA               00000000000000000000003500000000004                 
7560001300008U 060000000000000000000000000000000000000000000000000000000000000000000000030000000000000030000000000000000000000000000000000411202404112024    00000000000000000000000                       794067775600000000000000000000       
7560001300009T 0605631000000200873060000028510001011     140822139100000010112024000000000060674260000010                         091000035044873802LUCAS DA PAZ PEDRO                      00000000000000000000003500000000004                 
7560001300010U 060000000000000000000000000000000000000000000000000000000000000000000000606740000000000606740000000000000000000000000000000411202404112024    00000000000000000000000                       793738275600000000000000000000       
7560001300011T 0605631000000200873060000028515701011     143443208100000005112024000000000028400079000010                         091000048719557884MARIA LUIZA CESARIO MARTINS             00000000000000000000003500000000004                 
7560001300012U 060000000000000000000000000000000000000000000000000000000000000000000000284000000000000284000000000000000000000000000000000411202404112024    00000000000000000000000                       794134375600000000000000000000       
7560001300013T 0605631000000200873060000028516401011     143399207600000010112024000000000039326260000010                         091000036044850889MARIANA ROCHA REGO                      00000000000000000000003500000000004                 
7560001300014U 060000000000000000000000000000000000000000000000000000000000000000000000393260000000000393260000000000000000000000000000000411202404112024    00000000000000000000000                       793744975600000000000000000000       
7560001300015T 0605631000000200873060000028517101011     142230205100000010112024000000000022000104033000                         091000028110782825CRISTIANE DOS SANTOS                    00000000000000000000003500000000004                 
7560001300016U 060000000000000000000000000000000000000000000000000000000000000000000000220000000000000220000000000000000000000000000000000411202404112024    00000000000000000000000                       793789375600000000000000000000       
7560001300017T 0605631000000200873060000028610201011     140123136300000015112024000000000064130237011950                         091000011975390857ROSANA GONCALVES DE OLIVEIRA            00000000000000000000003500000000004                 
7560001300018U 060000000000000000000000000000000000000000000000000000000000000000000000641300000000000641300000000000000000000000000000000411202404112024    00000000000000000000000                       794040575600000000000000000000       
75600015         00002000000900000000000283444000000000000000000000000000000000000000000000000000000000000000000000                                                                                                                             
75699999         000001000022000000                                                                                                                                                                                                             
