75600000         219895217000135                    05631000000200644540IWS CURSOS DE IDIOMAS LTDA    SICOOB                                  21107202408430400135408500000                                                                     
75600011T01  043 2019895217000135          563100002405631000000200644540IWS CURSOS DE IDIOMAS LTDA                                                                                    000000001107202400000000                                 
7560001300001T 0605631000000200644540000027159701011     140463198600000010072024000000000026700001070710                         091000013507076861ALEXANDRE LEAO LUCCHESI                 00000000000000000000003500000000004                 
7560001300002U 060000000000000000000000000000000000000000000000000000000000000000000000267000000000000267000000000000000000000000000000001007202410072024    00000000000000000000000                       764361975600000000000000000000       
7560001300003T 0605631000000200644540000027161201011     141416169700000010072024000000000030740341074230                         091000028580799864BRUNO LIGUORI PESCE                     00000000000000000000003500000000004                 
7560001300004U 060000000000000000000000000000000000000000000000000000000000000000000000307400000000000307400000000000000000000000000000001007202410072024    00000000000000000000000                       764606775600000000000000000000       
7560001300005T 0605631000000200644540000027166901011     141476169200000010072024000000000024000237012310                         091000011874897867LUIZ ALEXANDRE PROFITTI                 00000000000000000000003500000000004                 
7560001300006U 060000000000000000000000000000000000000000000000000000000000000000000000240000000000000240000000000000000000000000000000001007202410072024    00000000000000000000000                       764284275600000000000000000000       
7560001300007T 0605631000000200644540000027167601011     142284169200000010072024000000000005000237012310                         091000011874897867LUIZ ALEXANDRE PROFITTI                 00000000000000000000003500000000004                 
7560001300008U 060000000000000000000000000000000000000000000000000000000000000000000000050000000000000050000000000000000000000000000000001007202410072024    00000000000000000000000                       764175775600000000000000000000       
7560001300009T 0605631000000200644540000027168301011     137491256000000010072024000000000037312001067610                         091000007810479865IDERALDO ELMER RIBEIRO                  00000000000000000000003500000000004                 
7560001300010U 060000000000000000000000000000000000000000000000000000000000000000000000373120000000000373120000000000000000000000000000001007202410072024    00000000000000000000000                       764361575600000000000000000000       
7560001300011T 0605631000000200644540000027169001011     142402264000000010072024000000000024719033010360                         091000026634012857JERRISLEI BENTO NOGUEIRA                00000000000000000000003500000000004                 
7560001300012U 060000000000000000000000000000000000000000000000000000000000000000000000247190000000000247190000000000000000000000000000001007202410072024    00000000000000000000000                       764554475600000000000000000000       
7560001300013T 0605631000000200644540000027175501011     141584169000000010072024000000000024000237012310                         091000011874897867LUIZ ALEXANDRE PROFITTI                 00000000000000000000003500000000004                 
7560001300014U 060000000000000000000000000000000000000000000000000000000000000000000000240000000000000240000000000000000000000000000000001007202410072024    00000000000000000000000                       764427875600000000000000000000       
7560001300015T 0605631000000200644540000027176201011     142281169000000010072024000000000005000237012310                         091000011874897867LUIZ ALEXANDRE PROFITTI                 00000000000000000000003500000000004                 
7560001300016U 060000000000000000000000000000000000000000000000000000000000000000000000050000000000000050000000000000000000000000000000001007202410072024    00000000000000000000000                       764412975600000000000000000000       
7560001300017T 0605631000000200644540000027178701011     140866190000000010072024000000000022260341038090                         091000008563118803SIMONE SOARES ZUANETTI                  00000000000000000000003500000000004                 
7560001300018U 060000000000000000000000000000000000000000000000000000000000000000000000222600000000000222600000000000000000000000000000001007202410072024    00000000000000000000000                       764391875600000000000000000000       
7560001300019T 0605631000000200644540000027183401011     138078193400000010072024000000000032000341040530                         091000031689196831ANDREIA APARECIDA LIMA DA CRUZ          00000000000000000000003500000000004                 
7560001300020U 060000000000000000000000000000000000000000000000000000000000000000000000320000000000000320000000000000000000000000000000001007202410072024    00000000000000000000000                       764663075600000000000000000000       
7560001300021T 0605631000000200644540000027184101011     137901143100000010072024000000000040810001058030                         091000017612949890ELISABETH NOGUEIRA MARTINS              00000000000000000000003500000000004                 
7560001300022U 060000000000000000000000000000000000000000000000000000000000000000000000408100000000000408100000000000000000000000000000001007202410072024    00000000000000000000000                       764217975600000000000000000000       
7560001300023T 0605631000000200644540000027186601011     139699134100000010072024000000000040810341040530                         091000017533829808CLEBER ANTONIO CHINELATO                00000000000000000000003500000000004                 
7560001300024U 060000000000000000000000000000000000000000000000000000000000000000000000408100000000000408100000000000000000000000000000001007202410072024    00000000000000000000000                       764437675600000000000000000000       
7560001300025T 0605631000000200644540000027187301011     139723134400000010072024000000000036729341040530                         091000017533829808CLEBER ANTONIO CHINELATO                00000000000000000000003500000000004                 
7560001300026U 060000000000000000000000000000000000000000000000000000000000000000000000367290000000000367290000000000000000000000000000001007202410072024    00000000000000000000000                       764419275600000000000000000000       
7560001300027T 0605631000000200644540000027265301011     138897158300000015072024000000000069960237012310                         091000024985557811VIVIANE MAGLIANO                        00000000000000000000003500000000004                 
7560001300028U 060000000000000000000000000000000000000000000000000000000000000000000000699600000000000699600000000000000000000000000000001007202410072024    00000000000000000000000                       764402275600000000000000000000       
7560001300029T 0605631000000200644540000027274001011     138885124200000015072024000000000036729237001560                         091000017129471840LISANDRA MARQUES ALISEDA SEDRANI        00000000000000000000003500000000004                 
7560001300030U 060000000000000000000000000000000000000000000000000000000000000000000000367290000000000367290000000000000000000000000000001007202410072024    00000000000000000000000                       764287375600000000000000000000       
7560001300031T 0605631000000200644540000027300701011     138160210000000010072024000000000443000341014800                         092004731867000178INNOVAPACK                              00000000000000000000003500000000004                 
7560001300032U 060000000000000000000000000000000000000000000000000000000000000000000004430000000000004430000000000000000000000000000000001007202410072024    00000000000000000000000                       764597775600000000000000000000       
7560001300033T 0605631000000200644540000027306001011     143028240000000009072024000000000185235341000460                         092062430194000112BRASPAR                                 00000000000000000000003500000000004                 
7560001300034U 060000000000000000000000000000000000000000000000000000000000000000000001852350000000001852350000000000000000000000000000001007202410072024    00000000000000000000000                       764270475600000000000000000000       
75600015         00003600001700000000001085004000000000000000000000000000000000000000000000000000000000000000000000                                                                                                                             
75699999         000001000038000000                                                                                                                                                                                                             
