75600000         229492820000120                    05631000000200873060ANEXA IDIOMAS LTDA            SICOOB                                  21308202409242700110708500000                                                                     
75600011T01  043 2029492820000120          563100002405631000000200873060ANEXA IDIOMAS LTDA                                                                                            000000001308202400000000                                 
7560001300001T 0905631000000200873060000025662801011     141058166700000012022024000000000005000756056310                         091000028041743870TATIANE BRUNHARO                        00000000000000000000003500000000013                 
7560001300002U 090000000000000000000000000000000000000000000000000000000000000000000000000000000000000000000000000000000000000000000000001208202412082024    00000000000000000000000                       772991675600000000000000000000       
7560001300003T 0605631000000200873060000027453601011     141465191700000005082024000000000039432341037470                         091000011682946819CLEBER JOSE RICARDO MARQUES             00000000000000000000003500000000004                 
7560001300004U 060000000000008800000000000000000000000000000000000000000000000000000000403120000000000403120000000000000000000000000000001208202412082024    00000000000000000000000                       772898275600000000000000000000       
7560001300005T 0605631000000200873060000027500801011     141903204100000010082024000000000022880237001120                         091000082872864849AIDE BRITO DE DEUS OLIVEIRA             00000000000000000000003500000000004                 
7560001300006U 060000000000000000000000000000000000000000000000000000000000000000000000228800000000000228800000000000000000000000000000001208202412082024    00000000000000000000000                       772646575600000000000000000000       
7560001300007T 0605631000000200873060000027501501011     139006182900000010082024000000000021094341007880                         091000010645957828ROSANA BOSON CONCEICAO MACEDO           00000000000000000000003500000000004                 
7560001300008U 060000000000000000000000000000000000000000000000000000000000000000000000210940000000000210940000000000000000000000000000001208202412082024    00000000000000000000000                       772572275600000000000000000000       
7560001300009T 0605631000000200873060000027505401011     140651190600000010082024000000000028376237013220                         091000044197827814EDUARDO ARENS BENI                      00000000000000000000003500000000004                 
7560001300010U 060000000000000000000000000000000000000000000000000000000000000000000000283760000000000283760000000000000000000000000000001208202412082024    00000000000000000000000                       772959775600000000000000000000       
7560001300011T 0605631000000200873060000027506101011     140530199000000010082024000000000022000237023850                         091000034614329896MANOEL J NETO                           00000000000000000000003500000000004                 
7560001300012U 060000000000000000000000000000000000000000000000000000000000000000000000220000000000000220000000000000000000000000000000001208202412082024    00000000000000000000000                       772642675600000000000000000000       
7560001300013T 0605631000000200873060000027508601011     142757113000000010082024000000000043259033046320                         091000027109212866ALESSANDRA DOURADO MELO                 00000000000000000000003500000000004                 
7560001300014U 060000000000000000000000000000000000000000000000000000000000000000000000432590000000000432590000000000000000000000000000001208202412082024    00000000000000000000000                       772576175600000000000000000000       
7560001300015T 0605631000000200873060000027521201011     139426129500000010082024000000000034980104031180                         091000031192736869ELIDA DE CAMPOS HEIN                    00000000000000000000003500000000004                 
7560001300016U 060000000000000000000000000000000000000000000000000000000000000000000000349800000000000349800000000000000000000000000000001208202412082024    00000000000000000000000                       772598975600000000000000000000       
7560001300017T 0605631000000200873060000027523701011     140891166700000010082024000000000015000260000010                         091000028041743870TATIANE BRUNHARO                        00000000000000000000003500000000004                 
7560001300018U 060000000000000000000000000000000000000000000000000000000000000000000000150000000000000150000000000000000000000000000000001208202412082024    00000000000000000000000                       772407075600000000000000000000       
7560001300019T 0605631000000200873060000027585301011     137878178000000015082024000000000063600033038530                         091000017234413847ALESSANDRA MORAIS DE GRAZIA             00000000000000000000003500000000004                 
7560001300020U 060000000000000000000000000000000000000000000000000000000000000000000000636000000000000636000000000000000000000000000000001208202412082024    00000000000000000000000                       772577675600000000000000000000       
7560001300021T 0605631000000200873060000027588501011     142673194600000015082024000000000018974341073860                         091000000580681637VIVIANE DALCIN GARCIA DE OLIVEIRA       00000000000000000000003500000000004                 
7560001300022U 060000000000000000000000000000000000000000000000000000000000000000000000189740000000000189740000000000000000000000000000001208202412082024    00000000000000000000000                       772903675600000000000000000000       
75600015         00002400001100000000000314595000000000000000000000000000000000000000000000000000000000000000000000                                                                                                                             
75699999         000001000026000000                                                                                                                                                                                                             
