75600000         232970660000191                    05631000000200980140EDUULMC CURSOS DE IDIOMAS LTDASICOOB                                  21209202409011800090208500000                                                                     
75600011T01  043 2032970660000191          563100002405631000000200980140EDUULMC CURSOS DE IDIOMAS LTDA                                                                                000000001209202400000000                                 
7560001300001T 0605631000000200980140000027939401011     139355331000000015092024000000000081620237001560                         091000017129471840LISANDRA MARQUES ALISEDA SEDRANI        00000000000000000000003500000000004                 
7560001300002U 060000000000000000000000000000000000000000000000000000000000000000000000816200000000000816200000000000000000000000000000001109202411092024    00000000000000000000000                       781089275600000000000000000000       
7560001300003T 0605631000000200980140000028012901011     144053148300000012092024000000000015900237004210                         091000038686017835ISABELA GONCALVES CARDOSO DE SA         00000000000000000000003500000000004                 
7560001300004U 060000000000000000000000000000000000000000000000000000000000000000000000159000000000000159000000000000000000000000000000001109202411092024    00000000000000000000000                       780898575600000000000000000000       
75600015         00000600000200000000000097520000000000000000000000000000000000000000000000000000000000000000000000                                                                                                                             
75699999         000001000008000000                                                                                                                                                                                                             
