75600000         232970660000191                    05631000000200980140EDUULMC CURSOS DE IDIOMAS LTDASICOOB                                  22708202409031200089208500000                                                                     
75600011T01  043 2032970660000191          563100002405631000000200980140EDUULMC CURSOS DE IDIOMAS LTDA                                                                                000000002708202400000000                                 
7560001300001T 0905631000000200980140000025766101011     136810585000000025022024000000000035652756056310                         091000038978109802YGOR ANDRADE DA CUNHA                   00000000000000000000003500000000013                 
7560001300002U 090000000000000000000000000000000000000000000000000000000000000000000000000000000000000000000000000000000000000000000000002608202426082024    00000000000000000000000                       776290675600000000000000000000       
7560001300003T 0905631000000200980140000025893201011     141266201600000025022024000000000020390756056310                         091000007940140973GIOVANNI PONTAROLO JUNIOR               00000000000000000000003500000000013                 
7560001300004U 090000000000000000000000000000000000000000000000000000000000000000000000000000000000000000000000000000000000000000000000002608202426082024    00000000000000000000000                       776290775600000000000000000000       
7560001300005T 0605631000000200980140000027729701011     138945196700000025082024000000000017800260000010                         091000042973398894ANNA JULIA DE PAULA ABREU               00000000000000000000003500000000004                 
7560001300006U 060000000000000000000000000000000000000000000000000000000000000000000000178000000000000178000000000000000000000000000000002608202426082024    00000000000000000000000                       776449975600000000000000000000       
7560001300007T 0605631000000200980140000027734401011     142302205500000025082024000000000035000237023800                         091000023105369899PABLO ALBERTO ALBANO                    00000000000000000000003500000000004                 
7560001300008U 060000000000000000000000000000000000000000000000000000000000000000000000350000000000000350000000000000000000000000000000002608202426082024    00000000000000000000000                       776035875600000000000000000000       
7560001300009T 0605631000000200980140000027735101011     139198149800000025082024000000000029150237001220                         091000027893285877ANA PAULA HAMMERMEISTER GIMENES         00000000000000000000003500000000004                 
7560001300010U 060000000000000000000000000000000000000000000000000000000000000000000000291500000000000291500000000000000000000000000000002608202426082024    00000000000000000000000                       776030875600000000000000000000       
75600015         00001200000500000000000137992000000000000000000000000000000000000000000000000000000000000000000000                                                                                                                             
75699999         000001000014000000                                                                                                                                                                                                             
