75600000         219895217000135                    05631000000200644540IWS CURSOS DE IDIOMAS LTDA    SICOOB                                  20108202408425300136308500000                                                                     
75600011T01  043 2019895217000135          563100002405631000000200644540IWS CURSOS DE IDIOMAS LTDA                                                                                    000000000108202400000000                                 
7560001300001T 0605631000000200644540000027387701011     140351197700000031072024000000000018000081000010                         091000005159507426JOSE ALAN GALINDO PEREIRA               00000000000000000000003500000000004                 
7560001300002U 060000000000000000000000000000000000000000000000000000000000000000000000180000000000000180000000000000000000000000000000003107202431072024    00000000000000000000000                       769512475600000000000000000000       
7560001300003T 0605631000000200644540000027394901011     139101143000000031072024000000000038503341019760                         091000041922650870DEBORA SIQUEIRA DA SILVA                00000000000000000000003500000000004                 
7560001300004U 060000000000000000000000000000000000000000000000000000000000000000000000385030000000000385030000000000000000000000000000003107202431072024    00000000000000000000000                       769475975600000000000000000000       
7560001300005T 0605631000000200644540000027398801011     138266144800000030072024000000000020000748040310                         091000096218444600PATRICIA ALEXANDRINA DA SILVA MORAIS    00000000000000000000003500000000004                 
7560001300006U 060000000000004070000000000000000000000000000000000000000000000000000000204070000000000204070000000000000000000000000000003107202431072024    00000000000000000000000                       769396675600000000000000000000       
7560001300007T 0605631000000200644540000027400901011     142956207100000030072024000000000034320341085760                         091000005628080942RAPHAELA FILIPPETTO                     00000000000000000000003500000000004                 
7560001300008U 060000000000006970000000000000000000000000000000000000000000000000000000350170000000000350170000000000000000000000000000003107202431072024    00000000000000000000000                       769394075600000000000000000000       
7560001300009T 0605631000000200644540000027469601011     141417169700000010082024000000000030740341074230                         091000028580799864BRUNO LIGUORI PESCE                     00000000000000000000003500000000004                 
7560001300010U 060000000000000000000000000000000000000000000000000000000000000000000000307400000000000307400000000000000000000000000000003107202431072024    00000000000000000000000                       769392275600000000000000000000       
7560001300011T 0605631000000200644540000027558701011     141941204400000015082024000000000006000341007180                         091000043289016803MICHELE DA PAZ ALVES                    00000000000000000000003500000000004                 
7560001300012U 060000000000000000000000000000000000000000000000000000000000000000000000060000000000000060000000000000000000000000000000003107202431072024    00000000000000000000000                       769473675600000000000000000000       
7560001300013T 0605631000000200644540000027583101011     138886124200000015082024000000000036729237001560                         091000017129471840LISANDRA MARQUES ALISEDA SEDRANI        00000000000000000000003500000000004                 
7560001300014U 060000000000000000000000000000000000000000000000000000000000000000000000367290000000000367290000000000000000000000000000003107202431072024    00000000000000000000000                       769460975600000000000000000000       
75600015         00001600000700000000000184292000000000000000000000000000000000000000000000000000000000000000000000                                                                                                                             
75699999         000001000018000000                                                                                                                                                                                                             
