75600000         219895217000135                    05631000000200644540IWS CURSOS DE IDIOMAS LTDA    SICOOB                                  20301202514220800145708500000                                                                     
75600011T01  043 2019895217000135          563100002405631000000200644540IWS CURSOS DE IDIOMAS LTDA                                                                                    000000000301202500000000                                 
7560001300001T 0905631000000200644540000027119201011     141047153300000005072024000000000035000756056310                         091000018506198836ALESSANDRA PEREIRA DA SILVA             00000000000000000000003500000000013                 
7560001300002U 090000000000000000000000000000000000000000000000000000000000000000000000000000000000000000000000000000000000000000000000000201202502012025    00000000000000000000000                       809986075600000000000000000000       
7560001300003T 0905631000000200644540000027121801011     139783188000000005072024000000000047200756056310                         091000013428220803EDIVANIA CONCEICAO MEDEIROS DA SILVA    00000000000000000000003500000000013                 
7560001300004U 090000000000000000000000000000000000000000000000000000000000000000000000000000000000000000000000000000000000000000000000000201202502012025    00000000000000000000000                       809986275600000000000000000000       
7560001300005T 0905631000000200644540000027124001011     142550206400000005072024000000000035000756056310                         091000048604679812FRANCIELE DOS SANTOS ROCHA              00000000000000000000003500000000013                 
7560001300006U 090000000000000000000000000000000000000000000000000000000000000000000000000000000000000000000000000000000000000000000000000201202502012025    00000000000000000000000                       809986475600000000000000000000       
7560001300007T 0905631000000200644540000027128901011     141200201300000005072024000000000035000756056310                         091000048357994881HENRIQUE ADRIANO DE SOUSA SANTOS        00000000000000000000003500000000013                 
7560001300008U 090000000000000000000000000000000000000000000000000000000000000000000000000000000000000000000000000000000000000000000000000201202502012025    00000000000000000000000                       809986675600000000000000000000       
7560001300009T 0905631000000200644540000027132901011     137949143500000005072024000000000056710756056310                         091000009664163848LILIAN DE FATIMA SILVA                  00000000000000000000003500000000013                 
7560001300010U 090000000000000000000000000000000000000000000000000000000000000000000000000000000000000000000000000000000000000000000000000201202502012025    00000000000000000000000                       809986875600000000000000000000       
7560001300011T 0905631000000200644540000027134301011     137985119800000005072024000000000021200756056310                         091000029939095848DIEGO GOMES                             00000000000000000000003500000000013                 
7560001300012U 090000000000000000000000000000000000000000000000000000000000000000000000000000000000000000000000000000000000000000000000000201202502012025    00000000000000000000000                       809987075600000000000000000000       
7560001300013T 0605631000000200644540000028880401011     139620189600000030122024000000000025440260000010                         091000013037278897NORMA SUELY COUTO SANTANA               00000000000000000000003500000000004                 
7560001300014U 060000000000005330000000000000000000000000000000000000000000000000000000259730000000000259730000000000000000000000000000000201202502012025    00000000000000000000000                       809692075600000000000000000000       
7560001300015T 0605631000000200644540000028891501011     139106143000000031122024000000000038503341019760                         091000041922650870DEBORA SIQUEIRA DA SILVA                00000000000000000000003500000000004                 
7560001300016U 060000000000000000000000000000000000000000000000000000000000000000000000385030000000000385030000000000000000000000000000000201202502012025    00000000000000000000000                       809731375600000000000000000000       
7560001300017T 0605631000000200644540000029047501011     139143207000000010012025000000000032762001029220                         091000009240151796FABIANA CRISTINA DE OLIVEIRA            00000000000000000000003500000000004                 
7560001300018U 060000000000000000000000000000000000000000000000000000000000000000000000327620000000000327620000000000000000000000000000000201202502012025    00000000000000000000000                       809801775600000000000000000000       
7560001300019T 0605631000000200644540000029101901011     143995966000000005012025000000000033920033010360                         091000045489539810KETYLIN DOS SANTOS                      00000000000000000000003500000000004                 
7560001300020U 060000000000000000000000000000000000000000000000000000000000000000000000339200000000000339200000000000000000000000000000000201202502012025    00000000000000000000000                       809826075600000000000000000000       
7560001300021T 0605631000000200644540000029107201011     142432595000000005012025000000000028302033010360                         091000098867539000LUCIANA HISAYO ENDO                     00000000000000000000003500000000004                 
7560001300022U 060000000000000000000000000000000000000000000000000000000000000000000000283020000000000283020000000000000000000000000000000201202502012025    00000000000000000000000                       809701975600000000000000000000       
7560001300023T 0605631000000200644540000029114401011     140185420000000005012025000000000028230033039610                         091000011632733846PAULO SERGIO GONCALVES DE OLIVEIRA      00000000000000000000003500000000004                 
7560001300024U 060000000000000000000000000000000000000000000000000000000000000000000000282300000000000282300000000000000000000000000000000201202502012025    00000000000000000000000                       809832075600000000000000000000       
75600015         00002600001200000000000417267000000000000000000000000000000000000000000000000000000000000000000000                                                                                                                             
75699999         000001000028000000                                                                                                                                                                                                             
