75600000         229492820000120                    05631000000200873060ANEXA IDIOMAS LTDA            SICOOB                                  21610202408233200114008500000                                                                     
75600011T01  043 2029492820000120          563100002405631000000200873060ANEXA IDIOMAS LTDA                                                                                            000000001610202400000000                                 
7560001300001T 0605631000000200873060000028273901011     142603154700000015102024000000000029150033002680                         091000016136232839VALDIRENE CORREIA DE LIMA PEREIRA       00000000000000000000003500000000004                 
7560001300002U 060000000000000000000000000000000000000000000000000000000000000000000000291500000000000291500000000000000000000000000000001510202415102024    00000000000000000000000                       789680275600000000000000000000       
7560001300003T 0605631000000200873060000028282501011     142819177300000015102024000000000022360033015720                         091000028030189850ANDREIA CRISTINA SIGNER                 00000000000000000000003500000000004                 
7560001300004U 060000000000000000000000000000000000000000000000000000000000000000000000223600000000000223600000000000000000000000000000001510202415102024    00000000000000000000000                       789681275600000000000000000000       
7560001300005T 0605631000000200873060000028283201011     139582197600000015102024000000000037200341040540                         091000030970779879MARCIO DANIEL SANCHES                   00000000000000000000003500000000004                 
7560001300006U 060000000000000000000000000000000000000000000000000000000000000000000000372000000000000372000000000000000000000000000000001510202415102024    00000000000000000000000                       789694375600000000000000000000       
75600015         00000800000300000000000088710000000000000000000000000000000000000000000000000000000000000000000000                                                                                                                             
75699999         000001000010000000                                                                                                                                                                                                             
