75600000         229492820000120                    05631000000200873060ANEXA IDIOMAS LTDA            SICOOB                                  22008202409025600111108500000                                                                     
75600011T01  043 2029492820000120          563100002405631000000200873060ANEXA IDIOMAS LTDA                                                                                            000000002008202400000000                                 
7560001300001T 0905631000000200873060000025733601011     136994176100000020022024000000000023320756056310                         091000053020204836GUILHERME SILVA GONCALVES               00000000000000000000003500000000013                 
7560001300002U 090000000000000000000000000000000000000000000000000000000000000000000000000000000000000000000000000000000000000000000000001908202419082024    00000000000000000000000                       774982975600000000000000000000       
7560001300003T 0905631000000200873060000025742201011     135926512000000020022024000000000008100756056310                         091000033510320808RENATO BATISTA MAYER                    00000000000000000000003500000000013                 
7560001300004U 090000000000000000000000000000000000000000000000000000000000000000000000000000000000000000000000000000000000000000000000001908202419082024    00000000000000000000000                       774983075600000000000000000000       
7560001300005T 0905631000000200873060000025782701011     141158201000000020022024000000000018800756056310                         091000045097684869LUANA DA SILVA RODRIGUES                00000000000000000000003500000000013                 
7560001300006U 090000000000000000000000000000000000000000000000000000000000000000000000000000000000000000000000000000000000000000000000001908202419082024    00000000000000000000000                       774983175600000000000000000000       
7560001300007T 0605631000000200873060000027616701011     140592900000000020082024000000000250117341010170                         092060687639000119PLURY QUIMICAS                          00000000000000000000003500000000004                 
7560001300008U 060000000000000000000000000000000000000000000000000000000000000000000002501170000000002501170000000000000000000000000000001908202419082024    00000000000000000000000                       774865775600000000000000000000       
7560001300009T 0605631000000200873060000027650801011     139114186700000020082024000000000028970341071660                         091000032654262898DIEGO CESAR DE PAULA                    00000000000000000000003500000000004                 
7560001300010U 060000000000000000000000000000000000000000000000000000000000000000000000289700000000000289700000000000000000000000000000001908202419082024    00000000000000000000000                       774875375600000000000000000000       
7560001300011T 0605631000000200873060000027655401011     141730202800000020082024000000000035200033015720                         091000043469702810RENAN FERREIRA DIAS                     00000000000000000000003500000000004                 
7560001300012U 060000000000000000000000000000000000000000000000000000000000000000000000352000000000000352000000000000000000000000000000001908202419082024    00000000000000000000000                       774553975600000000000000000000       
7560001300013T 0605631000000200873060000027722301011     141214197000000030082024000000000030000341082550                         091000000879236884RAQUEL DIAS RAMALHO                     00000000000000000000003500000000004                 
7560001300014U 060000000000000000000000000000000000000000000000000000000000000000000000300000000000000300000000000000000000000000000000001908202419082024    00000000000000000000000                       774577775600000000000000000000       
75600015         00001600000700000000000394507000000000000000000000000000000000000000000000000000000000000000000000                                                                                                                             
75699999         000001000018000000                                                                                                                                                                                                             
