75600000         232970660000191                    05631000000200980140EDUULMC CURSOS DE IDIOMAS LTDASICOOB                                  20511202408030400092408500000                                                                     
75600011T01  043 2032970660000191          563100002405631000000200980140EDUULMC CURSOS DE IDIOMAS LTDA                                                                                000000000511202400000000                                 
7560001300001T 0905631000000200980140000026630401011     137269192200000005052024000000000037810756056310                         091000022969256851FELIPE DE OLIVEIRA MAGALHAES            00000000000000000000003500000000013                 
7560001300002U 090000000000000000000000000000000000000000000000000000000000000000000000000000000000000000000000000000000000000000000000000411202404112024    00000000000000000000000                       793963475600000000000000000000       
7560001300003T 0905631000000200980140000026631101011     141863192200000005052024000000000007500756056310                         091000022969256851FELIPE DE OLIVEIRA MAGALHAES            00000000000000000000003500000000013                 
7560001300004U 090000000000000000000000000000000000000000000000000000000000000000000000000000000000000000000000000000000000000000000000000411202404112024    00000000000000000000000                       793963675600000000000000000000       
7560001300005T 0905631000000200980140000026634301011     141224201400000005052024000000000028300756056310                         091000030377225843MARLEIDE DE LIMA PAZZOTTI               00000000000000000000003500000000013                 
7560001300006U 090000000000000000000000000000000000000000000000000000000000000000000000000000000000000000000000000000000000000000000000000411202404112024    00000000000000000000000                       793963875600000000000000000000       
7560001300007T 0905631000000200980140000026635001011     139973188700000005052024000000000033920756056310                         091000036826948893IRIS MIQUELINE BRITO                    00000000000000000000003500000000013                 
7560001300008U 090000000000000000000000000000000000000000000000000000000000000000000000000000000000000000000000000000000000000000000000000411202404112024    00000000000000000000000                       793964075600000000000000000000       
7560001300009T 0905631000000200980140000026639001011     140780190200000005052024000000000025631756056310                         091000045603241829JOAO VICTOR SILVA LIMA DE OLIVEIRA      00000000000000000000003500000000013                 
7560001300010U 090000000000000000000000000000000000000000000000000000000000000000000000000000000000000000000000000000000000000000000000000411202404112024    00000000000000000000000                       793964275600000000000000000000       
7560001300011T 0905631000000200980140000026646101011     141186158200000005052024000000000025000756056310                         091000046056861856NAYARA PEREIRA NASCIMENTO               00000000000000000000003500000000013                 
7560001300012U 090000000000000000000000000000000000000000000000000000000000000000000000000000000000000000000000000000000000000000000000000411202404112024    00000000000000000000000                       793964475600000000000000000000       
7560001300013T 0605631000000200980140000028529201011     138997183300000010112024000000000033920341037670                         091000034222814873ADELE JANDIRA HAIDAR PERUCHE            00000000000000000000003500000000004                 
7560001300014U 060000000000000000000000000000000000000000000000000000000000000000000000339200000000000339200000000000000000000000000000000411202404112024    00000000000000000000000                       793855675600000000000000000000       
7560001300015T 0605631000000200980140000028546801011     141576168200000005112024000000000024719260000010                         091000030755045807RENATA DOS REIS LIMA                    00000000000000000000003500000000004                 
7560001300016U 060000000000000000000000000000000000000000000000000000000000000000000000247190000000000247190000000000000000000000000000000411202404112024    00000000000000000000000                       793956775600000000000000000000       
75600015         00001800000800000000000216800000000000000000000000000000000000000000000000000000000000000000000000                                                                                                                             
75699999         000001000020000000                                                                                                                                                                                                             
