75600000         229492820000120                    05631000000200873060ANEXA IDIOMAS LTDA            SICOOB                                  21811202408423400115608500000                                                                     
75600011T01  043 2029492820000120          563100002405631000000200873060ANEXA IDIOMAS LTDA                                                                                            000000001811202400000000                                 
7560001300001T 0605631000000200873060000028599501011     142604154700000015112024000000000029150033002680                         091000016136232839VALDIRENE CORREIA DE LIMA PEREIRA       00000000000000000000003500000000004                 
7560001300002U 060000000000000000000000000000000000000000000000000000000000000000000000291500000000000291500000000000000000000000000000001411202414112024    00000000000000000000000                       797504775600000000000000000000       
7560001300003T 0605631000000200873060000028608701011     142820177300000015112024000000000022360033015720                         091000028030189850ANDREIA CRISTINA SIGNER                 00000000000000000000003500000000004                 
7560001300004U 060000000000000000000000000000000000000000000000000000000000000000000000223600000000000223600000000000000000000000000000001411202414112024    00000000000000000000000                       797506275600000000000000000000       
7560001300005T 0605631000000200873060000028611001011     140159187800000015112024000000000030165341063150                         091000042915794898MAYARA LUCAS DE OLIVEIRA DUCA           00000000000000000000003500000000004                 
7560001300006U 060000000000000000000000000000000000000000000000000000000000000000000000301650000000000301650000000000000000000000000000001411202414112024    00000000000000000000000                       797388275600000000000000000000       
75600015         00000800000300000000000081675000000000000000000000000000000000000000000000000000000000000000000000                                                                                                                             
75699999         000001000010000000                                                                                                                                                                                                             
