75600000         219895217000135                    05631000000200644540IWS CURSOS DE IDIOMAS LTDA    SICOOB                                  21612202408431100144808500000                                                                     
75600011T01  043 2019895217000135          563100002405631000000200644540IWS CURSOS DE IDIOMAS LTDA                                                                                    000000001612202400000000                                 
7560001300001T 0905631000000200644540000026922001011     142548137200000015062024000000000026526756056310                         091000044202915836LAIS CREPALDI                           00000000000000000000003500000000013                 
7560001300002U 090000000000000000000000000000000000000000000000000000000000000000000000000000000000000000000000000000000000000000000000001312202413122024    00000000000000000000000                       805830675600000000000000000000       
7560001300003T 0905631000000200644540000026931701011     140577199600000015062024000000000006000756056310                         091000007704856693DELUMA AGUILAR HORTA                    00000000000000000000003500000000013                 
7560001300004U 090000000000000000000000000000000000000000000000000000000000000000000000000000000000000000000000000000000000000000000000001312202413122024    00000000000000000000000                       805830775600000000000000000000       
7560001300005T 0905631000000200644540000026932401011     138487179000000015062024000000000008000756056310                         091000028751297833EMANOEL AGRIPINO PADUA                 00000000000000000000003500000000013                 
7560001300006U 090000000000000000000000000000000000000000000000000000000000000000000000000000000000000000000000000000000000000000000000001312202413122024    00000000000000000000000                       805830875600000000000000000000       
7560001300007T 0905631000000200644540000026933101011     141870179000000015062024000000000005000756056310                         091000028751297833EMANOEL AGRIPINO PADUA                 00000000000000000000003500000000013                 
7560001300008U 090000000000000000000000000000000000000000000000000000000000000000000000000000000000000000000000000000000000000000000000001312202413122024    00000000000000000000000                       805830975600000000000000000000       
7560001300009T 0905631000000200644540000026934901011     139926299000000015062024000000000014711756056310                         091000009158540903GUILHERME BARBOSA MENDES                00000000000000000000003500000000013                 
7560001300010U 090000000000000000000000000000000000000000000000000000000000000000000000000000000000000000000000000000000000000000000000001312202413122024    00000000000000000000000                       805831075600000000000000000000       
7560001300011T 0905631000000200644540000026935601011     142489299000000015062024000000000007500756056310                         091000009158540903GUILHERME BARBOSA MENDES                00000000000000000000003500000000013                 
7560001300012U 090000000000000000000000000000000000000000000000000000000000000000000000000000000000000000000000000000000000000000000000001312202413122024    00000000000000000000000                       805831175600000000000000000000       
7560001300013T 0905631000000200644540000026937001011     141091200700000015062024000000000006000756056310                         091000006158174670JOYCE ROBERTA LOPES DIAS                00000000000000000000003500000000013                 
7560001300014U 090000000000000000000000000000000000000000000000000000000000000000000000000000000000000000000000000000000000000000000000001312202413122024    00000000000000000000000                       805831275600000000000000000000       
7560001300015T 0905631000000200644540000026941001011     140130185400000015062024000000000009628756056310                         091000002688745492MARTA MIKAELLE TORRES                   00000000000000000000003500000000013                 
7560001300016U 090000000000000000000000000000000000000000000000000000000000000000000000000000000000000000000000000000000000000000000000001312202413122024    00000000000000000000000                       805831375600000000000000000000       
7560001300017T 0905631000000200644540000026947401011     137912156000000015062024000000000026500756056310                         091000036374365828DRIELE PINHEIRO SANTOS                  00000000000000000000003500000000013                 
7560001300018U 090000000000000000000000000000000000000000000000000000000000000000000000000000000000000000000000000000000000000000000000001312202413122024    00000000000000000000000                       805831475600000000000000000000       
7560001300019T 0905631000000200644540000026952101011     138229141900000015062024000000000022142756056310                         091000000980658829FRANCISCA MIRIAN SOUZA SANTOS PINHEIRO  00000000000000000000003500000000013                 
7560001300020U 090000000000000000000000000000000000000000000000000000000000000000000000000000000000000000000000000000000000000000000000001312202413122024    00000000000000000000000                       805831575600000000000000000000       
7560001300021T 0905631000000200644540000026953901011     142050152800000015062024000000000027191756056310                         091000031112058869MARCIA ROSA DE ARRUDA                   00000000000000000000003500000000013                 
7560001300022U 090000000000000000000000000000000000000000000000000000000000000000000000000000000000000000000000000000000000000000000000001312202413122024    00000000000000000000000                       805831675600000000000000000000       
7560001300023T 0905631000000200644540000026954601011     141487170400000015062024000000000019775756056310                         091000016027907878MARCIA SAPATA DA SILVA                  00000000000000000000003500000000013                 
7560001300024U 090000000000000000000000000000000000000000000000000000000000000000000000000000000000000000000000000000000000000000000000001312202413122024    00000000000000000000000                       805831775600000000000000000000       
7560001300025T 0905631000000200644540000027002601011     142942152800000015062024000000000024000756056310                         091000031112058869MARCIA ROSA DE ARRUDA                   00000000000000000000003500000000013                 
7560001300026U 090000000000000000000000000000000000000000000000000000000000000000000000000000000000000000000000000000000000000000000000001312202413122024    00000000000000000000000                       805831875600000000000000000000       
7560001300027T 0605631000000200644540000028872501011     142104192300000015122024000000000026235341085360                         091000039856088810LUCAS DE PAULA OLTREMARI                00000000000000000000003500000000004                 
7560001300028U 060000000000000000000000000000000000000000000000000000000000000000000000262350000000000262350000000000000000000000000000001312202413122024    00000000000000000000000                       805529475600000000000000000000       
7560001300029T 0605631000000200644540000028874001011     140136185400000015122024000000000009628260000010                         091000002688745492MARTA MIKAELLE TORRES                   00000000000000000000003500000000004                 
7560001300030U 060000000000000000000000000000000000000000000000000000000000000000000000096280000000000096280000000000000000000000000000001312202413122024    00000000000000000000000                       805597575600000000000000000000       
7560001300031T 0605631000000200644540000028929001011     140076161700000020122024000000000023203033010360                         091000025095916819EDUARDO ALMEIDA ALENCAR ARRAIS          00000000000000000000003500000000004                 
7560001300032U 060000000000000000000000000000000000000000000000000000000000000000000000232030000000000232030000000000000000000000000000001312202413122024    00000000000000000000000                       805513675600000000000000000000       
75600015         00003400001600000000000262039000000000000000000000000000000000000000000000000000000000000000000000                                                                                                                             
75699999         000001000036000000                                                                                                                                                                                                             
