75600000         232970660000191                    05631000000200980140EDUULMC CURSOS DE IDIOMAS LTDASICOOB                                  20810202410463100091508500000                                                                     
75600011T01  043 2032970660000191          563100002405631000000200980140EDUULMC CURSOS DE IDIOMAS LTDA                                                                                000000000810202400000000                                 
7560001300001T 0605631000000200980140000028129501011     141039310000000005102024000000000171450341000720                         092061139622000190LILLA                                   00000000000000000000003500000000004                 
7560001300002U 060000000000000000000000000000000000000000000000000000000000000000000001714500000000001714500000000000000000000000000000000710202407102024    00000000000000000000000                       787106675600000000000000000000       
7560001300003T 0605631000000200980140000028209001011     143465208300000010102024000000000028302341037550                         091000003365904158CAMILA FERREIRA PEREIRA SILVA           00000000000000000000003500000000004                 
7560001300004U 060000000000000000000000000000000000000000000000000000000000000000000000283020000000000283020000000000000000000000000000000710202407102024    00000000000000000000000                       787117075600000000000000000000       
7560001300005T 0605631000000200980140000028210801011     140617149500000010102024000000000018168756050040                         091000042109093862CELINA PEREIRA SANTIAGO                 00000000000000000000003500000000006                 
7560001300006U 060000000000000000000000000000000000000000000000000000000000000000000000181680000000000181680000000000000000000000000000000710202407102024    00000000000000000000000                       787144375600000000000000000000       
7560001300007T 0605631000000200980140000028212201011     141797203500000010102024000000000021000033009000                         091000014217408854RUTH PEREIRA FILHA SGROIA               00000000000000000000003500000000004                 
7560001300008U 060000000000000000000000000000000000000000000000000000000000000000000000210000000000000210000000000000000000000000000000000710202407102024    00000000000000000000000                       786664475600000000000000000000       
7560001300009T 0605631000000200980140000028217901011     142126725000000010102024000000000018539033035440                         091000003567487825NABOR ALVES MONTEIRO                    00000000000000000000003500000000004                 
7560001300010U 060000000000000000000000000000000000000000000000000000000000000000000000185390000000000185390000000000000000000000000000000710202407102024    00000000000000000000000                       786950075600000000000000000000       
7560001300011T 0605631000000200980140000028220101011     141661202400000010102024000000000032000033022710                         091000008992109610SUELY GONCALVES DA SILVA                00000000000000000000003500000000004                 
7560001300012U 060000000000000000000000000000000000000000000000000000000000000000000000320000000000000320000000000000000000000000000000000710202407102024    00000000000000000000000                       786749975600000000000000000000       
7560001300013T 0605631000000200980140000028289901011     139356331000000015102024000000000081620237001560                         091000017129471840LISANDRA MARQUES ALISEDA SEDRANI        00000000000000000000003500000000004                 
7560001300014U 060000000000000000000000000000000000000000000000000000000000000000000000816200000000000816200000000000000000000000000000000710202407102024    00000000000000000000000                       787258675600000000000000000000       
75600015         00001600000700000000000371079000000000000000000000000000000000000000000000000000000000000000000000                                                                                                                             
75699999         000001000018000000                                                                                                                                                                                                             
