75600000         229492820000120                    05631000000200873060ANEXA IDIOMAS LTDA            SICOOB                                  20411202410012000114908500000                                                                     
75600011T01  043 2029492820000120          563100002405631000000200873060ANEXA IDIOMAS LTDA                                                                                            000000000411202400000000                                 
7560001300001T 0605631000000200873060000028506001011     140027188100000005112024000000000018974341063110                         091000026928896817MARCIO RICARDO ARAUJO                   00000000000000000000003500000000004                 
7560001300002U 060000000000000000000000000000000000000000000000000000000000000000000000189740000000000189740000000000000000000000000000000111202401112024    00000000000000000000000                       793520475600000000000000000000       
7560001300003T 0605631000000200873060000028528201011     143331523000000010112024000000000026858104003440                         091000008745532885VANDA UTINO MOREIRA                     00000000000000000000003500000000004                 
7560001300004U 060000000000000000000000000000000000000000000000000000000000000000000000268580000000000268580000000000000000000000000000000111202401112024    00000000000000000000000                       793599875600000000000000000000       
7560001300005T 0605631000000200873060000028612701011     141084200600000015112024000000000022000341070550                         091000017121273810MARCIA CASTRO OLIVEIRA                  00000000000000000000003500000000004                 
7560001300006U 060000000000000000000000000000000000000000000000000000000000000000000000220000000000000220000000000000000000000000000000000111202401112024    00000000000000000000000                       793625275600000000000000000000       
75600015         00000800000300000000000067832000000000000000000000000000000000000000000000000000000000000000000000                                                                                                                             
75699999         000001000010000000                                                                                                                                                                                                             
