75600000         219895217000135                    05631000000200644540IWS CURSOS DE IDIOMAS LTDA    SICOOB                                  21007202408233700135308500000                                                                     
75600011T01  043 2019895217000135          563100002405631000000200644540IWS CURSOS DE IDIOMAS LTDA                                                                                    000000001007202400000000                                 
7560001300001T 0905631000000200644540000025238601011     134070280000000010012024000000000026884756056310                         091000028086375862ALESSANDRA KELI FERREIRA PIMENTA       00000000000000000000003500000000013                 
7560001300002U 090000000000000000000000000000000000000000000000000000000000000000000000000000000000000000000000000000000000000000000000000907202409072024    00000000000000000000000                       763894175600000000000000000000       
7560001300003T 0905631000000200644540000025239301011     135022400000000010012024000000000030000756056310                         091000039857755836ALINE NUNES DAL SOGLIO GUIDI            00000000000000000000003500000000013                 
7560001300004U 090000000000000000000000000000000000000000000000000000000000000000000000000000000000000000000000000000000000000000000000000907202409072024    00000000000000000000000                       763894275600000000000000000000       
7560001300005T 0905631000000200644540000025241901011     136134138100000010012024000000000023320756056310                         091000032149614898 TATIANA MARTINS FERREIRA               00000000000000000000003500000000013                 
7560001300006U 090000000000000000000000000000000000000000000000000000000000000000000000000000000000000000000000000000000000000000000000000907202409072024    00000000000000000000000                       763894375600000000000000000000       
7560001300007T 0905631000000200644540000025244001011     134877183000000010012024000000000025365756056310                         091000032988336814CARLOS HENRIQUE DE OLIVEIRA             00000000000000000000003500000000013                 
7560001300008U 090000000000000000000000000000000000000000000000000000000000000000000000000000000000000000000000000000000000000000000000000907202409072024    00000000000000000000000                       763894475600000000000000000000       
7560001300009T 0905631000000200644540000025258301011     137017264000000010012024000000000023320756056310                         091000026634012857JERRISLEI BENTO NOGUEIRA                00000000000000000000003500000000013                 
7560001300010U 090000000000000000000000000000000000000000000000000000000000000000000000000000000000000000000000000000000000000000000000000907202409072024    00000000000000000000000                       763894575600000000000000000000       
7560001300011T 0905631000000200644540000025262301011     138867159000000010012024000000000026700756056310                         091000044355857824LEANDRO DA PAZ PEDRO                    00000000000000000000003500000000013                 
7560001300012U 090000000000000000000000000000000000000000000000000000000000000000000000000000000000000000000000000000000000000000000000000907202409072024    00000000000000000000000                       763894675600000000000000000000       
7560001300013T 0905631000000200644540000025277301011     138072193400000010012024000000000032000756056310                         091000031689196831ANDREIA APARECIDA LIMA DA CRUZ          00000000000000000000003500000000013                 
7560001300014U 090000000000000000000000000000000000000000000000000000000000000000000000000000000000000000000000000000000000000000000000000907202409072024    00000000000000000000000                       763894775600000000000000000000       
7560001300015T 0905631000000200644540000025285201011     135178137200000010012024000000000026526756056310                         091000044202915836LAIS CREPALDI                           00000000000000000000003500000000013                 
7560001300016U 090000000000000000000000000000000000000000000000000000000000000000000000000000000000000000000000000000000000000000000000000907202409072024    00000000000000000000000                       763894875600000000000000000000       
7560001300017T 0605631000000200644540000027120001011     141611202100000005072024000000000030000033010360                         091000029247398886ANGELA MARIA DIAS DOS REIS              00000000000000000000003500000000004                 
7560001300018U 060000000000006300000000000000000000000000000000000000000000000000000000306300000000000306300000000000000000000000000000000807202408072024    00000000000000000000000                       763276675600000000000000000000       
7560001300019T 0605631000000200644540000027162001011     139711183000000010072024000000000028302237012310                         091000032988336814CARLOS HENRIQUE DE OLIVEIRA             00000000000000000000003500000000004                 
7560001300020U 060000000000000000000000000000000000000000000000000000000000000000000000283020000000000283020000000000000000000000000000000807202408072024    00000000000000000000000                       763188275600000000000000000000       
7560001300021T 0605631000000200644540000027171601011     138670196400000010072024000000000030000341001670                         091000036299312866LETICIA RAMOS SHINKAI                   00000000000000000000003500000000004                 
7560001300022U 060000000000000000000000000000000000000000000000000000000000000000000000300000000000000300000000000000000000000000000000000907202409072024    00000000000000000000000                       763947875600000000000000000000       
7560001300023T 0605631000000200644540000027173001011     137961178400000010072024000000000021200104016720                         091000025385360813BENEDITA BISPO DA HORA                  00000000000000000000003500000000004                 
7560001300024U 060000000000000000000000000000000000000000000000000000000000000000000000212000000000000212000000000000000000000000000000000807202408072024    00000000000000000000000                       763305675600000000000000000000       
7560001300025T 0605631000000200644540000027177001011     140251182700000010072024000000000028302237005930                         091000039053153861SAMMYA M. DA S. SOUSA                   00000000000000000000003500000000004                 
7560001300026U 060000000000000000000000000000000000000000000000000000000000000000000000283020000000000283020000000000000000000000000000000807202408072024    00000000000000000000000                       763298075600000000000000000000       
7560001300027T 0605631000000200644540000027181001011     140914151400000010072024000000000022247033001070                         091000004913644823VALQUIRIA DE CASSIA NUNES SOARES        00000000000000000000003500000000004                 
7560001300028U 060000000000000000000000000000000000000000000000000000000000000000000000222470000000000222470000000000000000000000000000000807202408072024    00000000000000000000000                       763184375600000000000000000000       
7560001300029T 0605631000000200644540000027188001011     140626128000000010072024000000000030905341001670                         091000098638726287DAN SHINKAI                             00000000000000000000003500000000004                 
7560001300030U 060000000000000000000000000000000000000000000000000000000000000000000000309050000000000309050000000000000000000000000000000907202409072024    00000000000000000000000                       763971575600000000000000000000       
7560001300031T 0605631000000200644540000027245601011     140143391000000015072024000000000014712341031500                         091000032679656830MAURO AUGUSTO LINO DE ARAUJO            00000000000000000000003500000000004                 
7560001300032U 060000000000000000000000000000000000000000000000000000000000000000000000147120000000000147120000000000000000000000000000000807202408072024    00000000000000000000000                       763281375600000000000000000000       
7560001300033T 0605631000000200644540000027260701011     142051152800000015072024000000000024000237039250                         091000031112058869MARCIA ROSA DE ARRUDA                   00000000000000000000003500000000004                 
7560001300034U 060000000000000000000000000000000000000000000000000000000000000000000000240000000000000240000000000000000000000000000000000807202408072024    00000000000000000000000                       763515575600000000000000000000       
7560001300035T 0605631000000200644540000027308501011     136911114300000020072024000000000070000341090730                         091000053372620763LILIAN VALERIO MARTELLETO               00000000000000000000003500000000004                 
7560001300036U 060000000000000000000000000000000000000000000000000000000000000000000000700000000000000700000000000000000000000000000000000807202408072024    00000000000000000000000                       763260475600000000000000000000       
7560001300037T 0605631000000200644540000027366201011     139903127700000025072024000000000036729001058030                         091000054691277889GABRIEL NOGUEIRA MARTINS ALVARENGA      00000000000000000000003500000000004                 
7560001300038U 060000000000000000000000000000000000000000000000000000000000000000000000367290000000000367290000000000000000000000000000000807202408072024    00000000000000000000000                       763201575600000000000000000000       
75600015         00004000001900000000000550512000000000000000000000000000000000000000000000000000000000000000000000                                                                                                                             
75699999         000001000042000000                                                                                                                                                                                                             
