75600000         219895217000135                    05631000000200644540IWS CURSOS DE IDIOMAS LTDA    SICOOB                                  23012202415411700145608500000                                                                     
75600011T01  043 2019895217000135          563100002405631000000200644540IWS CURSOS DE IDIOMAS LTDA                                                                                    000000003012202400000000                                 
7560001300001T 0605631000000200644540000028879601011     142617195000000030122024000000000021000341014910                         091000044237668843AMERICO RICARDO COUTINHO DIAS           00000000000000000000003500000000004                 
7560001300002U 060000000000000000000000000000000000000000000000000000000000000000000000210000000000000210000000000000000000000000000000002712202427122024    00000000000000000000000                       808948675600000000000000000000       
7560001300003T 0605631000000200644540000028946501011     139478542000000031122024000000000038503001012670                         091000018743687830TANIA CORREA DA SILVA                   00000000000000000000000000000000004                 
7560001300004U 060000000000000000000000000000000000000000000000000000000000000000000000385030000000000385030000000000000000000000000000003012202430122024    00000000000000000000000                       809140775600000000000000000000       
7560001300005T 0605631000000200644540000028960901011     143248389000000030122024000000000204016033021460                         091000011588248828MAURICIO MARTINELLI SILVA LUPERI        00000000000000000000000000000000004                 
7560001300006U 060000000000000000000000000000000000000000000000000000000000000000000002040160000000002040160000000000000000000000000000003012202430122024    00000000000000000000000                       809168375600000000000000000000       
7560001300007T 0605631000000200644540000028963001011     139502128200000030122024000000000040810260000010                         091000041725138832ULISSES TIAGO DO NASCIMENTO FIGUEIREDO G00000000000000000000000000000000004                 
7560001300008U 060000000000000000000000000000000000000000000000000000000000000000000000408100000000000408100000000000000000000000000000003012202430122024    00000000000000000000000                       809177775600000000000000000000       
7560001300009T 0605631000000200644540000029034001011     143591422000000010012025000000000033371104040800                         091000053378733853PEDRO TAMOTSU HARA                      00000000000000000000000000000000004                 
7560001300010U 060000000000000000000000000000000000000000000000000000000000000000000000333710000000000333710000000000000000000000000000003012202430122024    00000000000000000000000                       809154875600000000000000000000       
7560001300011T 0605631000000200644540000029071201011     142923206800000010012025000000000035200341090330                         091000022022841840DENISE VALENTE EVA                      00000000000000000000000000000000004                 
7560001300012U 060000000000000000000000000000000000000000000000000000000000000000000000352000000000000352000000000000000000000000000000003012202430122024    00000000000000000000000                       809214775600000000000000000000       
7560001300013T 0605631000000200644540000029129401011     143093143100000010012025000000000043259001058030                         091000017612949890ELISABETH NOGUEIRA MARTINS              00000000000000000000000000000000004                 
7560001300014U 060000000000000000000000000000000000000000000000000000000000000000000000432590000000000432590000000000000000000000000000003012202430122024    00000000000000000000000                       809147775600000000000000000000       
75600015         00001600000700000000000416159000000000000000000000000000000000000000000000000000000000000000000000                                                                                                                             
75699999         000001000018000000                                                                                                                                                                                                             
