75600000         232970660000191                    05631000000200980140EDUULMC CURSOS DE IDIOMAS LTDASICOOB                                  20609202410030600089808500000                                                                     
75600011T01  043 2032970660000191          563100002405631000000200980140EDUULMC CURSOS DE IDIOMAS LTDA                                                                                000000000609202400000000                                 
7560001300001T 0605631000000200980140000027793901011     143789210100000005092024000000000028302341005680                         091000047117018852VICTOR TORRES GONZAGA                   00000000000000000000003500000000004                 
7560001300002U 060000000000000000000000000000000000000000000000000000000000000000000000283020000000000283020000000000000000000000000000000509202405092024    00000000000000000000000                       778863775600000000000000000000       
7560001300003T 0605631000000200980140000027798501011     141038310000000005092024000000000171450341000720                         092061139622000190LILLA                                   00000000000000000000003500000000004                 
7560001300004U 060000000000000000000000000000000000000000000000000000000000000000000001714500000000001714500000000000000000000000000000000509202405092024    00000000000000000000000                       778861675600000000000000000000       
7560001300005T 0605631000000200980140000027926901011     138995183300000010092024000000000033920341037670                         091000034222814873ADELE JANDIRA HAIDAR PERUCHE            00000000000000000000003500000000004                 
7560001300006U 060000000000000000000000000000000000000000000000000000000000000000000000339200000000000339200000000000000000000000000000000509202405092024    00000000000000000000000                       778868375600000000000000000000       
7560001300007T 0605631000000200980140000027927601011     141406170300000010092024000000000022472001068820                         091000033280346843ANSELMO DA SILVA                        00000000000000000000003500000000004                 
7560001300008U 060000000000000000000000000000000000000000000000000000000000000000000000224720000000000224720000000000000000000000000000000509202405092024    00000000000000000000000                       778644475600000000000000000000       
75600015         00001000000400000000000256144000000000000000000000000000000000000000000000000000000000000000000000                                                                                                                             
75699999         000001000012000000                                                                                                                                                                                                             
