75600000         229492820000120                    05631000000200873060ANEXA IDIOMAS LTDA            SICOOB                                  23105202409034000106608500000                                                                     
75600011T01  043 2029492820000120          563100002405631000000200873060ANEXA IDIOMAS LTDA                                                                                            000000003105202400000000                                 
7560001300001T 0905631000000200873060000024873301011     134092166600000030112023000000000019404756056310                         091000004574650850LEILA ALBA ROMACINI                     00000000000000000000003500000000013                 
7560001300002U 090000000000000000000000000000000000000000000000000000000000000000000000000000000000000000000000000000000000000000000000002905202429052024    00000000000000000000000                       753467375600000000000000000000       
7560001300003T 0605631000000200873060000026775401011     140551199500000031052024000000000035200341049030                         091000052635208832VICTOR GASPARINO BARBOSA                00000000000000000000003500000000004                 
7560001300004U 060000000000000000000000000000000000000000000000000000000000000000000000352000000000000352000000000000000000000000000000002905202429052024    00000000000000000000000                       753378575600000000000000000000       
7560001300005T 0605631000000200873060000026796901011     142523206300000030052024000000000028300033022710                         091000044608181831LUANA HELENA BOM FARIAS                 00000000000000000000003500000000004                 
7560001300006U 060000000000000000000000000000000000000000000000000000000000000000000000283000000000000283000000000000000000000000000000002905202429052024    00000000000000000000000                       753405875600000000000000000000       
75600015         00000800000300000000000082904000000000000000000000000000000000000000000000000000000000000000000000                                                                                                                             
75699999         000001000010000000                                                                                                                                                                                                             
