75600000         219895217000135                    05631000000200644540IWS CURSOS DE IDIOMAS LTDA    SICOOB                                  22302202307111200104708500000                                                                     
75600011T01  043 2019895217000135          563100002405631000000200644540IWS CURSOS DE IDIOMAS LTDA                                                                                    000000002302202300000000                                 
7560001300001T 0905631000000200644540000019537301011     132434862000000022082022000000000005500756056310                         091000045001967813VALERIA TEIXEIRA GOMES DA SILVA         00000000000000000000003500000000013                 
7560001300002U 090000000000000000000000000000000000000000000000000000000000000000000000000000000000000000000000000000000000000000000000002202202322022023    00000000000000000000000                       622499875600000000000000000000       
7560001300003T 0905631000000200644540000019538001011     132435862000000022082022000000000005000756056310                         091000045001967813VALERIA TEIXEIRA GOMES DA SILVA         00000000000000000000003500000000013                 
7560001300004U 090000000000000000000000000000000000000000000000000000000000000000000000000000000000000000000000000000000000000000000000002202202322022023    00000000000000000000000                       622500875600000000000000000000       
7560001300005T 0905631000000200644540000019550001011     131338140800000025082022000000000027489756056310                         091000021864745819GISELE APARECIDA BEZERRA DE BRITO       00000000000000000000003500000000013                 
7560001300006U 090000000000000000000000000000000000000000000000000000000000000000000000000000000000000000000000000000000000000000000000002202202322022023    00000000000000000000000                       622923375600000000000000000000       
7560001300007T 0905631000000200644540000019553101011     127961953000000025082022000000000028416756056310                         091000021895277833ERIC HENRIQUE VASCONCELLOS SANTOS       00000000000000000000003500000000013                 
7560001300008U 090000000000000000000000000000000000000000000000000000000000000000000000000000000000000000000000000000000000000000000000002202202322022023    00000000000000000000000                       622923475600000000000000000000       
7560001300009T 0905631000000200644540000019568101011     127514125900000025082022000000000035000756056310                         091000041028268823RODRIGO SANTIEGO DA SILVA               00000000000000000000003500000000013                 
7560001300010U 090000000000000000000000000000000000000000000000000000000000000000000000000000000000000000000000000000000000000000000000002202202322022023    00000000000000000000000                       622923575600000000000000000000       
7560001300011T 0905631000000200644540000019572101011     131290195000000025082022000000000032288756056310                         091000041207083810ELISMAR GRANJEIRO RUFINO MENEGALE       00000000000000000000003500000000013                 
7560001300012U 090000000000000000000000000000000000000000000000000000000000000000000000000000000000000000000000000000000000000000000000002202202322022023    00000000000000000000000                       622923675600000000000000000000       
7560001300013T 0905631000000200644540000019636801011     132550177900000022082022000000000025000756056310                         091000041476900841DOUGLAS SANTOS PAULON                   00000000000000000000003500000000013                 
7560001300014U 090000000000000000000000000000000000000000000000000000000000000000000000000000000000000000000000000000000000000000000000002202202322022023    00000000000000000000000                       622501775600000000000000000000       
7560001300015T 0905631000000200644540000019637501011     132562177900000022082022000000000005500756056310                         091000041476900841DOUGLAS SANTOS PAULON                   00000000000000000000003500000000013                 
7560001300016U 090000000000000000000000000000000000000000000000000000000000000000000000000000000000000000000000000000000000000000000000002202202322022023    00000000000000000000000                       622502675600000000000000000000       
7560001300017T 0605631000000200644540000021563001011     127787800000000020022023000000000004205341016370                         091000032310569852CARLOS ALBERTO ANTUNES FERREIRA JUNIOR  00000000000000000000003500000000004                 
7560001300018U 060000000000000000000000000000000000000000000000000000000000000000000000042050000000000042050000000000000000000000000000002202202322022023    00000000000000000000000                       622765875600000000000000000000       
7560001300019T 0605631000000200644540000021568601011     133333158400000020022023000000000021890033010360                         091000043877622844DANIELLE AQUINO GASPAR                  00000000000000000000003500000000004                 
7560001300020U 060000000000000000000000000000000000000000000000000000000000000000000000218900000000000218900000000000000000000000000000002202202322022023    00000000000000000000000                       622944475600000000000000000000       
7560001300021T 0605631000000200644540000021575801011     128003147600000020022023000000000022000033010360                         091000043062398884KARINE ARAUJO DOS ANJOS                 00000000000000000000003500000000004                 
7560001300022U 060000000000000000000000000000000000000000000000000000000000000000000000220000000000000220000000000000000000000000000000002202202322022023    00000000000000000000000                       623026675600000000000000000000       
7560001300023T 0605631000000200644540000021576501011     132543177700000020022023000000000060000341091010                         091000032759330869LEANDRO MORENO BOFF                     00000000000000000000003500000000004                 
7560001300024U 060000000000000000000000000000000000000000000000000000000000000000000000600000000000000600000000000000000000000000000000002202202322022023    00000000000000000000000                       622856075600000000000000000000       
7560001300025T 0605631000000200644540000021578001011     128063351000000020022023000000000025116237001540                         091000027567853850CRISTIANE DORNAS PANHOTTA ARAUJO        00000000000000000000003500000000004                 
7560001300026U 060000000000000000000000000000000000000000000000000000000000000000000000251160000000000251160000000000000000000000000000002202202322022023    00000000000000000000000                       622779175600000000000000000000       
7560001300027T 0605631000000200644540000021579701011     128953354000000020022023000000000031120033007660                         091000021920881832MARCELO DA SILVA FREIRE                 00000000000000000000003500000000004                 
7560001300028U 060000000000000000000000000000000000000000000000000000000000000000000000311200000000000311200000000000000000000000000000002202202322022023    00000000000000000000000                       622473675600000000000000000000       
7560001300029T 0605631000000200644540000021580501011     131512354000000020022023000000000024024033007660                         091000021920881832MARCELO DA SILVA FREIRE                 00000000000000000000003500000000004                 
7560001300030U 060000000000000000000000000000000000000000000000000000000000000000000000240240000000000240240000000000000000000000000000002202202322022023    00000000000000000000000                       622559875600000000000000000000       
7560001300031T 0605631000000200644540000021582001011     133741380000000020022023000000000035315033010460                         091000041265085897MARIELLE OLIVIER FERRER                 00000000000000000000003500000000004                 
7560001300032U 060000000000000000000000000000000000000000000000000000000000000000000000353150000000000353150000000000000000000000000000002202202322022023    00000000000000000000000                       622560975600000000000000000000       
7560001300033T 0605631000000200644540000021584401011     131766174600000020022023000000000022000033017270                         091000034862535810SAMANTHA PRADO AUGSTROZE                00000000000000000000003500000000004                 
7560001300034U 060000000000000000000000000000000000000000000000000000000000000000000000220000000000000220000000000000000000000000000000002202202322022023    00000000000000000000000                       622561875600000000000000000000       
7560001300035T 0605631000000200644540000021586901011     129781164800000020022023000000000017640033036290                         091000033152532857VINICIUS GONCALVES BENEDETTI            00000000000000000000003500000000004                 
7560001300036U 060000000000000000000000000000000000000000000000000000000000000000000000176400000000000176400000000000000000000000000000002202202322022023    00000000000000000000000                       622638175600000000000000000000       
7560001300037T 0605631000000200644540000021587601011     133157572000000020022023000000000037000341066410                         091000026425715804WALQUIRIA BATISTA DA SILVA              00000000000000000000003500000000004                 
7560001300038U 060000000000000000000000000000000000000000000000000000000000000000000000370000000000000370000000000000000000000000000000002202202322022023    00000000000000000000000                       622847375600000000000000000000       
75600015         00004000001900000000000464503000000000000000000000000000000000000000000000000000000000000000000000                                                                                                                             
75699999         000001000042000000                                                                                                                                                                                                             
