75600000         219895217000135                    05631000000200644540IWS CURSOS DE IDIOMAS LTDA    SICOOB                                  22910202408234300141908500000                                                                     
75600011T01  043 2019895217000135          563100002405631000000200644540IWS CURSOS DE IDIOMAS LTDA                                                                                    000000002910202400000000                                 
7560001300001T 0905631000000200644540000026402401011     137934155900000030042024000000000014712756056310                         091000003251742965JONAS ROBERTO KOEHLER                   00000000000000000000003500000000013                 
7560001300002U 090000000000000000000000000000000000000000000000000000000000000000000000000000000000000000000000000000000000000000000000002810202428102024    00000000000000000000000                       792611475600000000000000000000       
7560001300003T 0905631000000200644540000026403101011     140348197700000030042024000000000018000756056310                         091000005159507426JOSE ALAN GALINDO PEREIRA               00000000000000000000003500000000013                 
7560001300004U 090000000000000000000000000000000000000000000000000000000000000000000000000000000000000000000000000000000000000000000000002810202428102024    00000000000000000000000                       792611375600000000000000000000       
7560001300005T 0905631000000200644540000026406301011     139612189600000028042024000000000025440756056310                         091000013037278897NORMA SUELY COUTO SANTANA               00000000000000000000003500000000013                 
7560001300006U 090000000000000000000000000000000000000000000000000000000000000000000000000000000000000000000000000000000000000000000000002810202428102024    00000000000000000000000                       792669575600000000000000000000       
7560001300007T 0905631000000200644540000026410301011     141890700000000030042024000000000005000756056310                         091000021472802837DAYANE FEITOSA LIMA                     00000000000000000000003500000000013                 
7560001300008U 090000000000000000000000000000000000000000000000000000000000000000000000000000000000000000000000000000000000000000000000002810202428102024    00000000000000000000000                       792612075600000000000000000000       
7560001300009T 0905631000000200644540000026411001011     140635700000000030042024000000000033708756056310                         091000021472802837DAYANE FEITOSA LIMA                     00000000000000000000003500000000013                 
7560001300010U 090000000000000000000000000000000000000000000000000000000000000000000000000000000000000000000000000000000000000000000000002810202428102024    00000000000000000000000                       792611975600000000000000000000       
7560001300011T 0905631000000200644540000026429201011     136149480000000030042024000000000029580756056310                         091000041970584890ANA VITORIA ROLIM FRANCESCHI            00000000000000000000003500000000013                 
7560001300012U 090000000000000000000000000000000000000000000000000000000000000000000000000000000000000000000000000000000000000000000000002810202428102024    00000000000000000000000                       792611775600000000000000000000       
7560001300013T 0905631000000200644540000026435701011     138006435000000030042024000000000032741756056310                         091000041970583819RICARDO FRANCESCHI FILHO                00000000000000000000003500000000013                 
7560001300014U 090000000000000000000000000000000000000000000000000000000000000000000000000000000000000000000000000000000000000000000000002810202428102024    00000000000000000000000                       792611875600000000000000000000       
7560001300015T 0605631000000200644540000028337801011     142256205200000025102024000000000015000077000010                         091000051428027807SOPHIA REIS MAIA                        00000000000000000000003500000000004                 
7560001300016U 060000000000003150000000000000000000000000000000000000000000000000000000153150000000000153150000000000000000000000000000002810202428102024    00000000000000000000000                       792396075600000000000000000000       
7560001300017T 0605631000000200644540000028438701011     143480208400000010112024000000000038720341040880                         091000015095382830CRISTINA MAKIKO SAITO HIRANO            00000000000000000000003500000000004                 
7560001300018U 060000000000000000000000000000000000000000000000000000000000000000000000387200000000000387200000000000000000000000000000002810202428102024    00000000000000000000000                       792583775600000000000000000000       
7560001300019T 0605631000000200644540000028478101011     142868537000000010112024000000000055618341070550                         091000009017220813SUZI SANTOS MONIZ                       00000000000000000000003500000000004                 
7560001300020U 060000000000000000000000000000000000000000000000000000000000000000000000556180000000000556180000000000000000000000000000002810202428102024    00000000000000000000000                       792417975600000000000000000000       
7560001300021T 0605631000000200644540000028484601011     140930102200000005112024000000000032629077000010                         091000043704621854VICTOR TONETTO MARQUES                  00000000000000000000003500000000004                 
7560001300022U 060000000000000000000000000000000000000000000000000000000000000000000000326290000000000326290000000000000000000000000000002810202428102024    00000000000000000000000                       792335975600000000000000000000       
75600015         00002400001100000000000301148000000000000000000000000000000000000000000000000000000000000000000000                                                                                                                             
75699999         000001000026000000                                                                                                                                                                                                             
