75600000         229492820000120                    05631000000200873060ANEXA IDIOMAS LTDA            SICOOB                                  21709202408240700112708500000                                                                     
75600011T01  043 2029492820000120          563100002405631000000200873060ANEXA IDIOMAS LTDA                                                                                            000000001709202400000000                                 
7560001300001T 0605631000000200873060000027890601011     139677133600000015092024000000000015741237011930                         091000034193427803EDVANIA SILVA PEREIRA                   00000000000000000000003500000000004                 
7560001300002U 060000000000000000000000000000000000000000000000000000000000000000000000157410000000000157410000000000000000000000000000001609202416092024    00000000000000000000000                       782196375600000000000000000000       
7560001300003T 0605631000000200873060000027898401011     140736161900000015092024000000000017750033036290                         091000073446530363ANTONIO IRAILSON BEZERRA SABOIA         00000000000000000000003500000000004                 
7560001300004U 060000000000000000000000000000000000000000000000000000000000000000000000177500000000000177500000000000000000000000000000001609202416092024    00000000000000000000000                       782091975600000000000000000000       
7560001300005T 0605631000000200873060000027902001011     141759203100000015092024000000000022200104030040                         091000056970711838MARCELA ROBERTA DE ALMEIDA SILVA        00000000000000000000003500000000004                 
7560001300006U 060000000000000000000000000000000000000000000000000000000000000000000000222000000000000222000000000000000000000000000000001609202416092024    00000000000000000000000                       782187875600000000000000000000       
7560001300007T 0605631000000200873060000027904401011     140760163200000016092024000000000022360341002630                         091000026421529879RENATA CRISTINA SOLHA PEREZ             00000000000000000000003500000000004                 
7560001300008U 060000000000000000000000000000000000000000000000000000000000000000000000223600000000000223600000000000000000000000000000001609202416092024    00000000000000000000000                       782089875600000000000000000000       
7560001300009T 0605631000000200873060000027909001011     142818177300000015092024000000000022360033015720                         091000028030189850ANDREIA CRISTINA SIGNER                 00000000000000000000003500000000004                 
7560001300010U 060000000000000000000000000000000000000000000000000000000000000000000000223600000000000223600000000000000000000000000000001609202416092024    00000000000000000000000                       781965375600000000000000000000       
7560001300011T 0605631000000200873060000028061701011     139235127000000030092024000000000017750033036290                         091000073446530363ANTONIO IRAILSON BEZERRA SABOIA         00000000000000000000003500000000004                 
7560001300012U 060000000000000000000000000000000000000000000000000000000000000000000000177500000000000177500000000000000000000000000000001609202416092024    00000000000000000000000                       782239675600000000000000000000       
75600015         00001400000600000000000118161000000000000000000000000000000000000000000000000000000000000000000000                                                                                                                             
75699999         000001000016000000                                                                                                                                                                                                             
