75600000         232970660000191                    05631000000200980140EDUULMC CURSOS DE IDIOMAS LTDASICOOB                                  20406202410024600085208500000                                                                     
75600011T01  043 2032970660000191          563100002405631000000200980140EDUULMC CURSOS DE IDIOMAS LTDA                                                                                000000000406202400000000                                 
7560001300001T 0905631000000200980140000025044701011     136020188700000005122023000000000032000756056310                         091000036826948893IRIS MIQUELINE BRITO                    00000000000000000000003500000000013                 
7560001300002U 090000000000000000000000000000000000000000000000000000000000000000000000000000000000000000000000000000000000000000000000000306202403062024    00000000000000000000000                       754075675600000000000000000000       
7560001300003T 0905631000000200980140000025045401011     138054193300000005122023000000000032000756056310                         091000023900905835ISAAC BATISTA MACIEL                    00000000000000000000003500000000013                 
7560001300004U 090000000000000000000000000000000000000000000000000000000000000000000000000000000000000000000000000000000000000000000000000306202403062024    00000000000000000000000                       754075775600000000000000000000       
7560001300005T 0905631000000200980140000025048601011     136481190200000005122023000000000024180756056310                         091000045603241829JOAO VICTOR SILVA LIMA DE OLIVEIRA      00000000000000000000003500000000013                 
7560001300006U 090000000000000000000000000000000000000000000000000000000000000000000000000000000000000000000000000000000000000000000000000306202403062024    00000000000000000000000                       754075875600000000000000000000       
7560001300007T 0905631000000200980140000025061201011     135321549000000005122023000000000019522756056310                         091000022777304831THAIS DA SILVA BARBOSA                  00000000000000000000003500000000013                 
7560001300008U 090000000000000000000000000000000000000000000000000000000000000000000000000000000000000000000000000000000000000000000000000306202403062024    00000000000000000000000                       754075975600000000000000000000       
7560001300009T 0605631000000200980140000026895601011     141403170300000010062024000000000022472001068820                         091000033280346843ANSELMO DA SILVA                        00000000000000000000003500000000004                 
7560001300010U 060000000000000000000000000000000000000000000000000000000000000000000000224720000000000224720000000000000000000000000000000306202403062024    00000000000000000000000                       753778275600000000000000000000       
7560001300011T 0605631000000200980140000026911001011     138419125600000005062024000000000032000033010360                         091000029951643817JULIANA TAVARES DE ARAUJO               00000000000000000000003500000000004                 
7560001300012U 060000000000000000000000000000000000000000000000000000000000000000000000320000000000000320000000000000000000000000000000000306202403062024    00000000000000000000000                       753805575600000000000000000000       
7560001300013T 0605631000000200980140000026917301011     141571168200000005062024000000000024719260000010                         091000030755045807RENATA DOS REIS LIMA                    00000000000000000000003500000000004                 
7560001300014U 060000000000000000000000000000000000000000000000000000000000000000000000247190000000000247190000000000000000000000000000000306202403062024    00000000000000000000000                       753951575600000000000000000000       
75600015         00001600000700000000000186893000000000000000000000000000000000000000000000000000000000000000000000                                                                                                                             
75699999         000001000018000000                                                                                                                                                                                                             
