75600000         232970660000191                    05631000000200980140EDUULMC CURSOS DE IDIOMAS LTDASICOOB                                  20509202410024700089708500000                                                                     
75600011T01  043 2032970660000191          563100002405631000000200980140EDUULMC CURSOS DE IDIOMAS LTDA                                                                                000000000509202400000000                                 
7560001300001T 0605631000000200980140000027787401011     143149125600000005092024000000000033920033010360                         091000029951643817JULIANA TAVARES DE ARAUJO               00000000000000000000003500000000004                 
7560001300002U 060000000000000000000000000000000000000000000000000000000000000000000000339200000000000339200000000000000000000000000000000409202404092024    00000000000000000000000                       778391775600000000000000000000       
7560001300003T 0605631000000200980140000027788101011     141574168200000005092024000000000024719079000010                         091000030755045807RENATA DOS REIS LIMA                    00000000000000000000003500000000004                 
7560001300004U 060000000000000000000000000000000000000000000000000000000000000000000000247190000000000247190000000000000000000000000000000409202404092024    00000000000000000000000                       778437575600000000000000000000       
7560001300005T 0605631000000200980140000027789901011     143409168200000005092024000000000005000260000010                         091000030755045807RENATA DOS REIS LIMA                    00000000000000000000003500000000004                 
7560001300006U 060000000000000000000000000000000000000000000000000000000000000000000000050000000000000050000000000000000000000000000000000409202404092024    00000000000000000000000                       778498675600000000000000000000       
7560001300007T 0605631000000200980140000028004001011     139091158400000020092024000000000023203237001540                         091000043877622844DANIELLE AQUINO GASPAR                  00000000000000000000003500000000004                 
7560001300008U 060000000000000000000000000000000000000000000000000000000000000000000000232030000000000232030000000000000000000000000000000409202404092024    00000000000000000000000                       778419675600000000000000000000       
75600015         00001000000400000000000086842000000000000000000000000000000000000000000000000000000000000000000000                                                                                                                             
75699999         000001000012000000                                                                                                                                                                                                             
