75600000         219895217000135                    05631000000200644540IWS CURSOS DE IDIOMAS LTDA    SICOOB                                  22606202408425100134408500000                                                                     
75600011T01  043 2019895217000135          563100002405631000000200644540IWS CURSOS DE IDIOMAS LTDA                                                                                    000000002606202400000000                                 
7560001300001T 0605631000000200644540000027005801011     139076188400000025062024000000000043460341096270                         091000033081822890DANIEL RIBEIRO NOGUEIRA PORTO           00000000000000000000003500000000004                 
7560001300002U 060000000000000000000000000000000000000000000000000000000000000000000000434600000000000434600000000000000000000000000000002506202425062024    00000000000000000000000                       760342575600000000000000000000       
7560001300003T 0605631000000200644540000027012001011     137358720000000025062024000000000037312104040420                         091000033774740801BRUNA BRITO DE MIRANDA                  00000000000000000000003500000000004                 
7560001300004U 060000000000000000000000000000000000000000000000000000000000000000000000373120000000000373120000000000000000000000000000002506202425062024    00000000000000000000000                       760316975600000000000000000000       
7560001300005T 0605631000000200644540000027024801011     139950161100000025062024000000000023203033008350                         091000016059959830SILVANA FERREIRA DAMACENA               00000000000000000000003500000000004                 
7560001300006U 060000000000000000000000000000000000000000000000000000000000000000000000232030000000000232030000000000000000000000000000002506202425062024    00000000000000000000000                       760326675600000000000000000000       
7560001300007T 0605631000000200644540000027025501011     139256950000000025062024000000000024253237009650                         091000009304309808SOLANGE ZUANETTI FERNANDES DA SILVA     00000000000000000000003500000000004                 
7560001300008U 060000000000000000000000000000000000000000000000000000000000000000000000242530000000000242530000000000000000000000000000002506202425062024    00000000000000000000000                       760321175600000000000000000000       
7560001300009T 0605631000000200644540000027034101011     139412125800000025062024000000000040810341003750                         091000044218123829NATHALIA VIRGINIA GOMES                 00000000000000000000003500000000004                 
7560001300010U 060000000000000000000000000000000000000000000000000000000000000000000000408100000000000408100000000000000000000000000000002506202425062024    00000000000000000000000                       760332375600000000000000000000       
7560001300011T 0605631000000200644540000027036601011     139448125900000025062024000000000037100341070660                         091000041028268823RODRIGO SANTIEGO DA SILVA               00000000000000000000003500000000004                 
7560001300012U 060000000000000000000000000000000000000000000000000000000000000000000000371000000000000371000000000000000000000000000000002506202425062024    00000000000000000000000                       760339575600000000000000000000       
7560001300013T 0605631000000200644540000027038001011     142253205200000025062024000000000015000077000010                         091000051428027807SOPHIA REIS MAIA                        00000000000000000000003500000000004                 
7560001300014U 060000000000000000000000000000000000000000000000000000000000000000000000150000000000000150000000000000000000000000000000002506202425062024    00000000000000000000000                       760392375600000000000000000000       
75600015         00001600000700000000000221138000000000000000000000000000000000000000000000000000000000000000000000                                                                                                                             
75699999         000001000018000000                                                                                                                                                                                                             
