75600000         229492820000120                    05631000000200873060ANEXA IDIOMAS LTDA            SICOOB                                  20302202509213800119308500000                                                                     
75600011T01  043 2029492820000120          563100002405631000000200873060ANEXA IDIOMAS LTDA                                                                                            000000000302202500000000                                 
7560001300001T 0605631000000200873060000029364301011     140030188100000005022025000000000018974341063110                         091000026928896817MARCIO RICARDO ARAUJO                   00000000000000000000003500000000004                 
7560001300002U 060000000000000000000000000000000000000000000000000000000000000000000000189740000000000189740000000000000000000000000000003101202531012025    00000000000000000000000                       817620975600000000000000000000       
7560001300003T 0605631000000200873060000029441601011     143334523000000010022025000000000026858104003440                         091000008745532885VANDA UTINO MOREIRA                     00000000000000000000003500000000004                 
7560001300004U 060000000000000000000000000000000000000000000000000000000000000000000000268580000000000268580000000000000000000000000000003101202531012025    00000000000000000000000                       817726575600000000000000000000       
75600015         00000600000200000000000045832000000000000000000000000000000000000000000000000000000000000000000000                                                                                                                             
75699999         000001000008000000                                                                                                                                                                                                             
