75600000         229492820000120                    05631000000200873060ANEXA IDIOMAS LTDA            SICOOB                                  21601202509214400118608500000                                                                     
75600011T01  043 2029492820000120          563100002405631000000200873060ANEXA IDIOMAS LTDA                                                                                            000000001601202500000000                                 
7560001300001T 0605631000000200873060000029141001011     142606154700000015012025000000000030899033002680                         091000016136232839VALDIRENE CORREIA DE LIMA PEREIRA       00000000000000000000003500000000004                 
7560001300002U 060000000000000000000000000000000000000000000000000000000000000000000000308990000000000308990000000000000000000000000000001501202515012025    00000000000000000000000                       813953875600000000000000000000       
7560001300003T 0605631000000200873060000029144201011     139681133600000015012025000000000015741341073860                         091000034193427803EDVANIA SILVA PEREIRA                   00000000000000000000003500000000004                 
7560001300004U 060000000000000000000000000000000000000000000000000000000000000000000000157410000000000157410000000000000000000000000000001501202515012025    00000000000000000000000                       813989575600000000000000000000       
7560001300005T 0605631000000200873060000029159201011     144480214400000015012025000000000028300237025750                         091000013236888466JULIANA KARLA FERREIRA GOES             00000000000000000000003500000000004                 
7560001300006U 060000000000000000000000000000000000000000000000000000000000000000000000283000000000000283000000000000000000000000000000001501202515012025    00000000000000000000000                       814299275600000000000000000000       
7560001300007T 0605631000000200873060000029164001011     142822177300000015012025000000000022360033015720                         091000028030189850ANDREIA CRISTINA SIGNER                 00000000000000000000003500000000004                 
7560001300008U 060000000000000000000000000000000000000000000000000000000000000000000000223600000000000223600000000000000000000000000000001501202515012025    00000000000000000000000                       814315375600000000000000000000       
7560001300009T 0605631000000200873060000029179001011     144492214300000015012025000000000041600341040530                         091000035218589870RODRIGO BANDELLI GONCALVES              00000000000000000000003500000000004                 
7560001300010U 060000000000000000000000000000000000000000000000000000000000000000000000416000000000000416000000000000000000000000000000001501202515012025    00000000000000000000000                       813985575600000000000000000000       
75600015         00001200000500000000000138900000000000000000000000000000000000000000000000000000000000000000000000                                                                                                                             
75699999         000001000014000000                                                                                                                                                                                                             
