75600000         229492820000120                    05631000000200873060ANEXA IDIOMAS LTDA            SICOOB                                  20212202409023700116208500000                                                                     
75600011T01  043 2029492820000120          563100002405631000000200873060ANEXA IDIOMAS LTDA                                                                                            000000000212202400000000                                 
7560001300001T 0605631000000200873060000028722201011     138913186100000030112024000000000028970341068800                         091000022328841805RICARDO MOREIRA BORGES                  00000000000000000000003500000000004                 
7560001300002U 060000000000000000000000000000000000000000000000000000000000000000000000289700000000000289700000000000000000000000000000002911202429112024    00000000000000000000000                       801200675600000000000000000000       
7560001300003T 0605631000000200873060000028724701011     140557199500000030112024000000000035200341049030                         091000052635208832VICTOR GASPARINO BARBOSA                00000000000000000000003500000000004                 
7560001300004U 060000000000000000000000000000000000000000000000000000000000000000000000352000000000000352000000000000000000000000000000002911202429112024    00000000000000000000000                       801293275600000000000000000000       
7560001300005T 0605631000000200873060000028805901011     140396197200000001122024000000000048000341037970                         091000034063550800ADRIANO CARNEVALI FERRO                 00000000000000000000003500000000004                 
7560001300006U 060000000000000000000000000000000000000000000000000000000000000000000000480000000000000480000000000000000000000000000000002911202429112024    00000000000000000000000                       801197975600000000000000000000       
7560001300007T 0605631000000200873060000028811301011     141920204200000010122024000000000022880341073860                         091000041101415835CAROLINE BRITO DE DEUS OLIVEIRA         00000000000000000000003500000000004                 
7560001300008U 060000000000000000000000000000000000000000000000000000000000000000000000228800000000000228800000000000000000000000000000002911202429112024    00000000000000000000000                       801201275600000000000000000000       
7560001300009T 0605631000000200873060000028812001011     140344197300000001122024000000000017900341037970                         091000034063550800ADRIANO CARNEVALI FERRO                 00000000000000000000003500000000004                 
7560001300010U 060000000000000000000000000000000000000000000000000000000000000000000000179000000000000179000000000000000000000000000000002911202429112024    00000000000000000000000                       801215175600000000000000000000       
75600015         00001200000500000000000152950000000000000000000000000000000000000000000000000000000000000000000000                                                                                                                             
75699999         000001000014000000                                                                                                                                                                                                             
