75600000         219895217000135                    05631000000200644540IWS CURSOS DE IDIOMAS LTDA    SICOOB                                  22611202409235000143508500000                                                                     
75600011T01  043 2019895217000135          563100002405631000000200644540IWS CURSOS DE IDIOMAS LTDA                                                                                    000000002611202400000000                                 
7560001300001T 0605631000000200644540000028687101011     143981180300000025112024000000000083596341059550                         091000035707793860FRANCINE RAMONEDA NUNES DOS SANTOS      00000000000000000000003500000000004                 
7560001300002U 060000000000000000000000000000000000000000000000000000000000000000000000835960000000000835960000000000000000000000000000002511202425112024    00000000000000000000000                       799794975600000000000000000000       
7560001300003T 0605631000000200644540000028692901011     139955161100000025112024000000000023203033008350                         091000016059959830SILVANA FERREIRA DAMACENA               00000000000000000000003500000000004                 
7560001300004U 060000000000000000000000000000000000000000000000000000000000000000000000232030000000000232030000000000000000000000000000002511202425112024    00000000000000000000000                       799530675600000000000000000000       
7560001300005T 0605631000000200644540000028700301011     139417125800000025112024000000000040810341003750                         091000044218123829NATHALIA VIRGINIA GOMES                 00000000000000000000003500000000004                 
7560001300006U 060000000000000000000000000000000000000000000000000000000000000000000000408100000000000408100000000000000000000000000000002511202425112024    00000000000000000000000                       799539375600000000000000000000       
7560001300007T 0605631000000200644540000028705001011     139453125900000025112024000000000037100033007660                         091000041028268823RODRIGO SANTIEGO DA SILVA               00000000000000000000003500000000004                 
7560001300008U 060000000000000000000000000000000000000000000000000000000000000000000000371000000000000371000000000000000000000000000000002511202425112024    00000000000000000000000                       799773675600000000000000000000       
75600015         00001000000400000000000184709000000000000000000000000000000000000000000000000000000000000000000000                                                                                                                             
75699999         000001000012000000                                                                                                                                                                                                             
