75600000         229492820000120                    05631000000200873060ANEXA IDIOMAS LTDA            SICOOB                                  21311202409224400115508500000                                                                     
75600011T01  043 2029492820000120          563100002405631000000200873060ANEXA IDIOMAS LTDA                                                                                            000000001311202400000000                                 
7560001300001T 0905631000000200873060000026584701011     142342206000000015052024000000000022000756056310                         091000032306643881JULIANA CRUZ BARROS GOMES               00000000000000000000003500000000013                 
7560001300002U 090000000000000000000000000000000000000000000000000000000000000000000000000000000000000000000000000000000000000000000000001211202412112024    00000000000000000000000                       797065475600000000000000000000       
7560001300003T 0905631000000200873060000026587901011     140732161900000015052024000000000017750756056310                         091000073446530363ANTONIO IRAILSON BEZERRA SABOIA         00000000000000000000003500000000013                 
7560001300004U 090000000000000000000000000000000000000000000000000000000000000000000000000000000000000000000000000000000000000000000000001211202412112024    00000000000000000000000                       797064375600000000000000000000       
7560001300005T 0905631000000200873060000026593301011     137513686000000015052024000000000029589756056310                         091000088679497487PATRICIA FRAZAO DE OLIVEIRA             00000000000000000000003500000000013                 
7560001300006U 090000000000000000000000000000000000000000000000000000000000000000000000000000000000000000000000000000000000000000000000001211202412112024    00000000000000000000000                       797064475600000000000000000000       
7560001300007T 0905631000000200873060000026602501011     139577197600000015052024000000000037200756056310                         091000030970779879MARCIO DANIEL SANCHES                   00000000000000000000003500000000013                 
7560001300008U 090000000000000000000000000000000000000000000000000000000000000000000000000000000000000000000000000000000000000000000000001211202412112024    00000000000000000000000                       797064575600000000000000000000       
7560001300009T 0605631000000200873060000028522901011     139429129500000010112024000000000034980104031180                         091000031192736869ELIDA DE CAMPOS HEIN                    00000000000000000000003500000000004                 
7560001300010U 060000000000007240000000000000000000000000000000000000000000000000000000357040000000000357040000000000000000000000000000001211202412112024    00000000000000000000000                       796969975600000000000000000000       
7560001300011T 0605631000000200873060000028609401011     139583197600000015112024000000000037200341040540                         091000030970779879MARCIO DANIEL SANCHES                   00000000000000000000003500000000004                 
7560001300012U 060000000000000000000000000000000000000000000000000000000000000000000000372000000000000372000000000000000000000000000000001211202412112024    00000000000000000000000                       796704275600000000000000000000       
75600015         00001400000600000000000178719000000000000000000000000000000000000000000000000000000000000000000000                                                                                                                             
75699999         000001000016000000                                                                                                                                                                                                             
