75600000         229492820000120                    05631000000200873060ANEXA IDIOMAS LTDA            SICOOB                                  23012202415411700117708500000                                                                     
75600011T01  043 2029492820000120          563100002405631000000200873060ANEXA IDIOMAS LTDA                                                                                            000000003012202400000000                                 
7560001300001T 0605631000000200873060000029033001011     145274206300000030122024000000000029998033022710                         091000044608181831LUANA HELENA BOM FARIAS                 00000000000000000000000000000000004                 
7560001300002U 060000000000000000000000000000000000000000000000000000000000000000000000299980000000000299980000000000000000000000000000003012202430122024    00000000000000000000000                       809278575600000000000000000000       
7560001300003T 0605631000000200873060000029138801011     140385197200000001012025000000000048000341037970                         091000034063550800ADRIANO CARNEVALI FERRO                 00000000000000000000003500000000004                 
7560001300004U 060000000000000000000000000000000000000000000000000000000000000000000000480000000000000480000000000000000000000000000000002712202427122024    00000000000000000000000                       808970475600000000000000000000       
7560001300005T 0605631000000200873060000029148101011     140333197300000001012025000000000017900341037970                         091000034063550800ADRIANO CARNEVALI FERRO                 00000000000000000000003500000000004                 
7560001300006U 060000000000000000000000000000000000000000000000000000000000000000000000179000000000000179000000000000000000000000000000002712202427122024    00000000000000000000000                       808951275600000000000000000000       
7560001300007T 0605631000000200873060000029153901011     140740161900000015012025000000000017750001032660                         091000073446530363ANTONIO IRAILSON BEZERRA SABOIA         00000000000000000000000000000000004                 
7560001300008U 060000000000000000000000000000000000000000000000000000000000000000000000177500000000000177500000000000000000000000000000003012202430122024    00000000000000000000000                       809144275600000000000000000000       
7560001300009T 0605631000000200873060000029160001011     140029188100000005012025000000000018974341063110                         091000026928896817MARCIO RICARDO ARAUJO                   00000000000000000000003500000000004                 
7560001300010U 060000000000000000000000000000000000000000000000000000000000000000000000189740000000000189740000000000000000000000000000002712202427122024    00000000000000000000000                       808953775600000000000000000000       
75600015         00001200000500000000000132622000000000000000000000000000000000000000000000000000000000000000000000                                                                                                                             
75699999         000001000014000000                                                                                                                                                                                                             
