75600000         232970660000191                    05631000000200980140EDUULMC CURSOS DE IDIOMAS LTDASICOOB                                  23001202511414300096508500000                                                                     
75600011T01  043 2032970660000191          563100002405631000000200980140EDUULMC CURSOS DE IDIOMAS LTDA                                                                                000000003001202500000000                                 
7560001300001T 0605631000000200980140000029331301011     144608215500000030012025000000000024072079000010                         091000054348414840MATHEUS DE OLIVEIRA VANKAICK LAMEIRINHA 00000000000000000000003500000000004                 
7560001300002U 060000000000000000000000000000000000000000000000000000000000000000000000240720000000000240720000000000000000000000000000002901202529012025    00000000000000000000000                       817308475600000000000000000000       
75600015         00000400000100000000000024072000000000000000000000000000000000000000000000000000000000000000000000                                                                                                                             
75699999         000001000006000000                                                                                                                                                                                                             
