75600000         219895217000135              40355705631000000200644540IWS CURSOS DE IDIOMAS LTDA    SICOOB                                  21206202408025400133608500000                                                                     
75600011T01  043 2019895217000135          563100002405631000000200644540IWS CURSOS DE IDIOMAS LTDA                                                                                    000000001206202400000000                                 
7560001300001T 0605631000000200644540000026840101011     140250182700000010062024000000000028302237005930                         091000039053153861SAMMYA M. DA S. SOUSA                   00000000000000000000003500000000004                 
7560001300002U 060000000000005750000000000000000000000000000000000000000000000000000000288770000000000288770000000000000000000000000000001106202411062024    00000000000000000000000                       757020775600000000000000000000       
7560001300003T 0605631000000200644540000026843301011     140286187300000010062024000000000031800033000600                         091000032837190802THAIS CRISTINA DA COSTA GHIDELLI CAMPOS 00000000000000000000003500000000004                 
7560001300004U 060000000000006460000000000000000000000000000000000000000000000000000000324460000000000324460000000000000000000000000000001106202411062024    00000000000000000000000                       756897775600000000000000000000       
7560001300005T 0605631000000200644540000026959201011     141007199300000015062024000000000019000001067610                         091000016909083865CATIA CIRLENE DE OLIVEIRA SANTOS        00000000000000000000003500000000004                 
7560001300006U 060000000000000000000000000000000000000000000000000000000000000000000000190000000000000190000000000000000000000000000000001106202411062024    00000000000000000000000                       757010575600000000000000000000       
75600015         00000800000300000000000079102000000000000000000000000000000000000000000000000000000000000000000000                                                                                                                             
75699999         000001000010000000                                                                                                                                                                                                             
