75600000         232970660000191                    05631000000200980140EDUULMC CURSOS DE IDIOMAS LTDASICOOB                                  22101202511414700096008500000                                                                     
75600011T01  043 2032970660000191          563100002405631000000200980140EDUULMC CURSOS DE IDIOMAS LTDA                                                                                000000002101202500000000                                 
7560001300001T 0905631000000200980140000026999701011     142903158200000022072024000000000016667756056310                         091000046056861856NAYARA PEREIRA NASCIMENTO               00000000000000000000003500000000013                 
7560001300002U 090000000000000000000000000000000000000000000000000000000000000000000000000000000000000000000000000000000000000000000000002001202520012025    00000000000000000000000                       815260575600000000000000000000       
7560001300003T 0605631000000200980140000029263701011     144312214000000020012025000000000045012341031460                         091000035766868863FELIPE ALVES DE SOUSA                   00000000000000000000003500000000004                 
7560001300004U 060000000000000000000000000000000000000000000000000000000000000000000000450120000000000450120000000000000000000000000000002001202520012025    00000000000000000000000                       815176575600000000000000000000       
7560001300005T 0605631000000200980140000029264401011     139227293000000020012025000000000065296001069140                         091000003696482854NADIR FRANCISCO DO AMARAL               00000000000000000000003500000000004                 
7560001300006U 060000000000000000000000000000000000000000000000000000000000000000000000652960000000000652960000000000000000000000000000002001202520012025    00000000000000000000000                       814982975600000000000000000000       
75600015         00000800000300000000000126975000000000000000000000000000000000000000000000000000000000000000000000                                                                                                                             
75699999         000001000010000000                                                                                                                                                                                                             
