75600000         229492820000120                    05631000000200873060ANEXA IDIOMAS LTDA            SICOOB                                  22210202408424600114308500000                                                                     
75600011T01  043 2029492820000120          563100002405631000000200873060ANEXA IDIOMAS LTDA                                                                                            000000002210202400000000                                 
7560001300001T 0605631000000200873060000028301001011     140594900000000020102024000000000276058341010170                         092060687639000119PLURY QUIMICAS                          00000000000000000000003500000000004                 
7560001300002U 060000000000000000000000000000000000000000000000000000000000000000000002760580000000002760580000000000000000000000000000002110202421102024    00000000000000000000000                       791222575600000000000000000000       
7560001300003T 0605631000000200873060000028350101011     139164127200000025102024000000000025281341063110                         091000028642395826CARLA REGINA DE ARAUJO                  00000000000000000000003500000000004                 
7560001300004U 060000000000000000000000000000000000000000000000000000000000000000000000252810000000000252810000000000000000000000000000002110202421102024    00000000000000000000000                       791230175600000000000000000000       
7560001300005T 0605631000000200873060000028354001011     139392130700000025102024000000000023203104003460                         091000014930017874MARCOS DONIZETE DOS SANTOS              00000000000000000000003500000000004                 
7560001300006U 060000000000000000000000000000000000000000000000000000000000000000000000232030000000000232030000000000000000000000000000002110202421102024    00000000000000000000000                       791101875600000000000000000000       
7560001300007T 0605631000000200873060000028356501011     141128200000000020102024000000000035200033020620                         091000032243380838NADLA ARAUJO DA SILVA                   00000000000000000000003500000000004                 
7560001300008U 060000000000000000000000000000000000000000000000000000000000000000000000352000000000000352000000000000000000000000000000002110202421102024    00000000000000000000000                       791136975600000000000000000000       
7560001300009T 0605631000000200873060000028359701011     141599171900000020102024000000000022360033047230                         091000020533601860LUCIANA CARVALHO                        00000000000000000000003500000000004                 
7560001300010U 060000000000000000000000000000000000000000000000000000000000000000000000223600000000000223600000000000000000000000000000002110202421102024    00000000000000000000000                       791216975600000000000000000000       
75600015         00001200000500000000000382102000000000000000000000000000000000000000000000000000000000000000000000                                                                                                                             
75699999         000001000014000000                                                                                                                                                                                                             
