75600000         229492820000120                    05631000000200873060ANEXA IDIOMAS LTDA            SICOOB                                  21510202409012700113908500000                                                                     
75600011T01  043 2029492820000120          563100002405631000000200873060ANEXA IDIOMAS LTDA                                                                                            000000001510202400000000                                 
7560001300001T 0905631000000200873060000026307601011     138461832000000016042024000000000072758756056310                         091000017042999851AURORA CRISTINA DOMINGOS                00000000000000000000003500000000013                 
7560001300002U 090000000000000000000000000000000000000000000000000000000000000000000000000000000000000000000000000000000000000000000000001410202414102024    00000000000000000000000                       789634175600000000000000000000       
7560001300003T 0905631000000200873060000026314801011     137512686000000015042024000000000029589756056310                         091000088679497487PATRICIA FRAZAO DE OLIVEIRA             00000000000000000000003500000000013                 
7560001300004U 090000000000000000000000000000000000000000000000000000000000000000000000000000000000000000000000000000000000000000000000001410202414102024    00000000000000000000000                       789576175600000000000000000000       
7560001300005T 0905631000000200873060000026316201011     139576197600000015042024000000000037200756056310                         091000030970779879MARCIO DANIEL SANCHES                   00000000000000000000003500000000013                 
7560001300006U 090000000000000000000000000000000000000000000000000000000000000000000000000000000000000000000000000000000000000000000000001410202414102024    00000000000000000000000                       789576275600000000000000000000       
7560001300007T 0605631000000200873060000028274601011     139678133600000015102024000000000015741081000010                         091000034193427803EDVANIA SILVA PEREIRA                   00000000000000000000003500000000004                 
7560001300008U 060000000000000000000000000000000000000000000000000000000000000000000000157410000000000157410000000000000000000000000000001410202414102024    00000000000000000000000                       789330875600000000000000000000       
7560001300009T 0605631000000200873060000028279201011     141760203100000015102024000000000022200104030040                         091000056970711838MARCELA ROBERTA DE ALMEIDA SILVA        00000000000000000000003500000000004                 
7560001300010U 060000000000000000000000000000000000000000000000000000000000000000000000222000000000000222000000000000000000000000000000001410202414102024    00000000000000000000000                       789374275600000000000000000000       
7560001300011T 0605631000000200873060000028285701011     140158187800000015102024000000000007542341063150                         091000042915794898MAYARA LUCAS DE OLIVEIRA DUCA           00000000000000000000003500000000004                 
7560001300012U 060000000000000000000000000000000000000000000000000000000000000000000000075420000000000075420000000000000000000000000000001410202414102024    00000000000000000000000                       789436775600000000000000000000       
75600015         00001400000600000000000185030000000000000000000000000000000000000000000000000000000000000000000000                                                                                                                             
75699999         000001000016000000                                                                                                                                                                                                             
