75600000         219895217000135                    05631000000200644540IWS CURSOS DE IDIOMAS LTDA    SICOOB                                  22711202408421600143608500000                                                                     
75600011T01  043 2019895217000135          563100002405631000000200644540IWS CURSOS DE IDIOMAS LTDA                                                                                    000000002711202400000000                                 
7560001300001T 0605631000000200644540000028324201011     139260950000000025102024000000000024253237009650                         091000009304309808JOAO GABRIEL ZUANETTI                   00000000000000000000003500000000004                 
7560001300002U 060000000000007410000000000000000000000000000000000000000000000000000000249940000000000249940000000000000000000000000000002611202426112024    00000000000000000000000                       800120375600000000000000000000       
7560001300003T 0605631000000200644540000028694301011     139261950000000025112024000000000024253237009650                         091000009304309808JOAO GABRIEL ZUANETTI                   00000000000000000000003500000000004                 
7560001300004U 060000000000004930000000000000000000000000000000000000000000000000000000247460000000000247460000000000000000000000000000002611202426112024    00000000000000000000000                       800151375600000000000000000000       
7560001300005T 0605631000000200644540000028706701011     142257205200000025112024000000000015000077000010                         091000051428027807SOPHIA REIS MAIA                        00000000000000000000003500000000004                 
7560001300006U 060000000000003050000000000000000000000000000000000000000000000000000000153050000000000153050000000000000000000000000000002611202426112024    00000000000000000000000                       800019375600000000000000000000       
75600015         00000800000300000000000063506000000000000000000000000000000000000000000000000000000000000000000000                                                                                                                             
75699999         000001000010000000                                                                                                                                                                                                             
