75600000         232970660000191                    05631000000200980140EDUULMC CURSOS DE IDIOMAS LTDASICOOB                                  21607202408233300087308500000                                                                     
75600011T01  043 2032970660000191          563100002405631000000200980140EDUULMC CURSOS DE IDIOMAS LTDA                                                                                000000001607202400000000                                 
7560001300001T 0905631000000200980140000025325201011     138731165100000015012024000000000005000756056310                         091000041805483803AMANDA OLIVEIRA VERBENA                 00000000000000000000003500000000013                 
7560001300002U 090000000000000000000000000000000000000000000000000000000000000000000000000000000000000000000000000000000000000000000000001507202415072024    00000000000000000000000                       765913675600000000000000000000       
7560001300003T 0905631000000200980140000025326001011     134082165100000015012024000000000033000756056310                         091000041805483803AMANDA OLIVEIRA VERBENA                 00000000000000000000003500000000013                 
7560001300004U 090000000000000000000000000000000000000000000000000000000000000000000000000000000000000000000000000000000000000000000000001507202415072024    00000000000000000000000                       765913775600000000000000000000       
7560001300005T 0905631000000200980140000025332401011     138706180900000015012024000000000031800756056310                         091000037432422818GABRIELA APARECIDA DE ANDRADE SILVA     00000000000000000000003500000000013                 
7560001300006U 090000000000000000000000000000000000000000000000000000000000000000000000000000000000000000000000000000000000000000000000001507202415072024    00000000000000000000000                       765913875600000000000000000000       
7560001300007T 0905631000000200980140000025341001011     138100193500000015012024000000000032000756056310                         091000043096173877RAIAN CASSEMIRO                         00000000000000000000003500000000013                 
7560001300008U 090000000000000000000000000000000000000000000000000000000000000000000000000000000000000000000000000000000000000000000000001507202415072024    00000000000000000000000                       765913975600000000000000000000       
7560001300009T 0605631000000200980140000027062801011     138205144900000025062024000000000066441341029610                         091000047364370811BARBARA PINTO PEINADOR GARCIA           00000000000000000000003500000000004                 
7560001300010U 060000000000017690000000000000000000000000000000000000000000000000000000682100000000000682100000000000000000000000000000001507202415072024    00000000000000000000000                       765381475600000000000000000000       
7560001300011T 0605631000000200980140000027299301011     141307201800000015072024000000000035200260000010                         091000034347989865THAMIRES CARDOSO DE LOURENCO            00000000000000000000003500000000004                 
7560001300012U 060000000000000000000000000000000000000000000000000000000000000000000000352000000000000352000000000000000000000000000000001507202415072024    00000000000000000000000                       765495075600000000000000000000       
75600015         00001400000600000000000203441000000000000000000000000000000000000000000000000000000000000000000000                                                                                                                             
75699999         000001000016000000                                                                                                                                                                                                             
