75600000         229492820000120                    05631000000200873060ANEXA IDIOMAS LTDA            SICOOB                                  21112202409010900116808500000                                                                     
75600011T01  043 2029492820000120          563100002405631000000200873060ANEXA IDIOMAS LTDA                                                                                            000000001112202400000000                                 
7560001300001T 0605631000000200873060000028807301011     141907204100000010122024000000000022880237001120                         091000082872864849AIDE BRITO DE DEUS OLIVEIRA             00000000000000000000003500000000004                 
7560001300002U 060000000000000000000000000000000000000000000000000000000000000000000000228800000000000228800000000000000000000000000000001012202410122024    00000000000000000000000                       804399875600000000000000000000       
7560001300003T 0605631000000200873060000028808001011     139010182900000010122024000000000021094341007880                         091000010645957828ROSANA BOSON CONCEICAO MACEDO           00000000000000000000003500000000004                 
7560001300004U 060000000000000000000000000000000000000000000000000000000000000000000000210940000000000210940000000000000000000000000000001012202410122024    00000000000000000000000                       804441375600000000000000000000       
7560001300005T 0605631000000200873060000028810601011     141984172600000010122024000000000020112033047230                         091000020533601860LUCIANA CARVALHO                        00000000000000000000003500000000004                 
7560001300006U 060000000000000000000000000000000000000000000000000000000000000000000000201120000000000201120000000000000000000000000000001012202410122024    00000000000000000000000                       804382575600000000000000000000       
7560001300007T 0605631000000200873060000028814501011     140655190600000010122024000000000028376237013220                         091000044197827814EDUARDO ARENS BENI                      00000000000000000000003500000000004                 
7560001300008U 060000000000000000000000000000000000000000000000000000000000000000000000283760000000000283760000000000000000000000000000001012202410122024    00000000000000000000000                       804386975600000000000000000000       
7560001300009T 0605631000000200873060000028815201011     140534199000000010122024000000000022000237023850                         091000034614329896MANOEL J NETO                           00000000000000000000003500000000004                 
7560001300010U 060000000000000000000000000000000000000000000000000000000000000000000000220000000000000220000000000000000000000000000000001012202410122024    00000000000000000000000                       804453875600000000000000000000       
7560001300011T 0605631000000200873060000028816001011     142761113000000010122024000000000043259033046320                         091000027109212866ALESSANDRA DOURADO MELO                 00000000000000000000003500000000004                 
7560001300012U 060000000000000000000000000000000000000000000000000000000000000000000000432590000000000432590000000000000000000000000000001012202410122024    00000000000000000000000                       804748875600000000000000000000       
7560001300013T 0605631000000200873060000028818401011     139322162200000010122024000000000029733341069060                         091000036877483839LARISSA BARBOZA                         00000000000000000000003500000000004                 
7560001300014U 060000000000000000000000000000000000000000000000000000000000000000000000297330000000000297330000000000000000000000000000001012202410122024    00000000000000000000000                       804373775600000000000000000000       
7560001300015T 0605631000000200873060000028820001011     138878159000000010122024000000000026700341031300                         091000044355857824LEANDRO DA PAZ PEDRO                    00000000000000000000003500000000004                 
7560001300016U 060000000000000000000000000000000000000000000000000000000000000000000000267000000000000267000000000000000000000000000000001012202410122024    00000000000000000000000                       804751375600000000000000000000       
7560001300017T 0605631000000200873060000028964501011     143068178000000015122024000000000067416033038530                         091000017234413847ALESSANDRA MORAIS DE GRAZIA             00000000000000000000003500000000004                 
7560001300018U 060000000000000000000000000000000000000000000000000000000000000000000000674160000000000674160000000000000000000000000000001012202410122024    00000000000000000000000                       804446075600000000000000000000       
7560001300019T 0605631000000200873060000028965201011     142605154700000015122024000000000029150033002680                         091000016136232839VALDIRENE CORREIA DE LIMA PEREIRA       00000000000000000000003500000000004                 
7560001300020U 060000000000000000000000000000000000000000000000000000000000000000000000291500000000000291500000000000000000000000000000001012202410122024    00000000000000000000000                       804383975600000000000000000000       
7560001300021T 0605631000000200873060000028969101011     142677194600000015122024000000000018974341073860                         091000000580681637VIVIANE DALCIN GARCIA DE OLIVEIRA       00000000000000000000003500000000004                 
7560001300022U 060000000000000000000000000000000000000000000000000000000000000000000000189740000000000189740000000000000000000000000000001012202410122024    00000000000000000000000                       804691375600000000000000000000       
75600015         00002400001100000000000329694000000000000000000000000000000000000000000000000000000000000000000000                                                                                                                             
75699999         000001000026000000                                                                                                                                                                                                             
