75600000         219895217000135                    05631000000200644540IWS CURSOS DE IDIOMAS LTDA    SICOOB                                  21001202509211300146208500000                                                                     
75600011T01  043 2019895217000135          563100002405631000000200644540IWS CURSOS DE IDIOMAS LTDA                                                                                    000000001001202500000000                                 
7560001300001T 0605631000000200644540000029054701011     140149391000000015012025000000000014712341031500                         091000032679656830MAURO AUGUSTO LINO DE ARAUJO            00000000000000000000003500000000004                 
7560001300002U 060000000000000000000000000000000000000000000000000000000000000000000000147120000000000147120000000000000000000000000000000901202509012025    00000000000000000000000                       812211875600000000000000000000       
7560001300003T 0605631000000200644540000029122301011     140293187300000010012025000000000031800033000600                         091000032837190802THAIS CRISTINA DA COSTA GHIDELLI CAMPOS 00000000000000000000003500000000004                 
7560001300004U 060000000000000000000000000000000000000000000000000000000000000000000000318000000000000318000000000000000000000000000000000901202509012025    00000000000000000000000                       812189375600000000000000000000       
7560001300005T 0605631000000200644540000029218501011     143034240000000009012025000000000185235341000460                         092062430194000112BRASPAR                                 00000000000000000000003500000000004                 
7560001300006U 060000000000000000000000000000000000000000000000000000000000000000000001852350000000001852350000000000000000000000000000000901202509012025    00000000000000000000000                       811955175600000000000000000000       
75600015         00000800000300000000000231747000000000000000000000000000000000000000000000000000000000000000000000                                                                                                                             
75699999         000001000010000000                                                                                                                                                                                                             
