75600000         219895217000135                    05631000000200644540IWS CURSOS DE IDIOMAS LTDA    SICOOB                                  22705202408234300132608500000                                                                     
75600011T01  043 2019895217000135          563100002405631000000200644540IWS CURSOS DE IDIOMAS LTDA                                                                                    000000002705202400000000                                 
7560001300001T 0905631000000200644540000024840301011     137826540000000025112023000000000058300756056310                         091000017832301856ANDREIA JOSE PEREIRA DO NASCIMENTO      00000000000000000000003500000000013                 
7560001300002U 090000000000000000000000000000000000000000000000000000000000000000000000000000000000000000000000000000000000000000000000002405202424052024    00000000000000000000000                       752438475600000000000000000000       
7560001300003T 0605631000000200644540000026695201011     142252205200000020052024000000000015000077000010                         091000051428027807SOPHIA REIS MAIA                        00000000000000000000003500000000004                 
7560001300004U 060000000000003200000000000000000000000000000000000000000000000000000000153200000000000153200000000000000000000000000000002405202424052024    00000000000000000000000                       752428575600000000000000000000       
7560001300005T 0605631000000200644540000026734501011     139447125900000025052024000000000037100341070660                         091000041028268823RODRIGO SANTIEGO DA SILVA               00000000000000000000003500000000004                 
7560001300006U 060000000000000000000000000000000000000000000000000000000000000000000000371000000000000371000000000000000000000000000000002405202424052024    00000000000000000000000                       752419775600000000000000000000       
7560001300007T 0605631000000200644540000026806001011     141724198300000010062024000000000005000260000010                         091000044504887843CAMILA SILVA BARCELOS                   00000000000000000000003500000000004                 
7560001300008U 060000000000000000000000000000000000000000000000000000000000000000000000050000000000000050000000000000000000000000000000002405202424052024    00000000000000000000000                       752325175600000000000000000000       
75600015         00001000000400000000000115400000000000000000000000000000000000000000000000000000000000000000000000                                                                                                                             
75699999         000001000012000000                                                                                                                                                                                                             
