75600000         232970660000191                    05631000000200980140EDUULMC CURSOS DE IDIOMAS LTDASICOOB                                  21002202511223800097108500000                                                                     
75600011T01  043 2032970660000191          563100002405631000000200980140EDUULMC CURSOS DE IDIOMAS LTDA                                                                                000000001002202500000000                                 
7560001300001T 0905631000000200980140000027529301011     141674202600000010082024000000000035200756056310                         091000026814121883 LAIS CRISTINA COIMBRA BENTES           00000000000000000000003500000000013                 
7560001300002U 090000000000000000000000000000000000000000000000000000000000000000000000000000000000000000000000000000000000000000000000000702202507022025    00000000000000000000000                       819792075600000000000000000000       
7560001300003T 0905631000000200980140000027530101011     143433202600000010082024000000000008800756056310                         091000026814121883 LAIS CRISTINA COIMBRA BENTES           00000000000000000000003500000000013                 
7560001300004U 090000000000000000000000000000000000000000000000000000000000000000000000000000000000000000000000000000000000000000000000000702202507022025    00000000000000000000000                       819790975600000000000000000000       
7560001300005T 0905631000000200980140000027535801011     138453195700000010082024000000000019900756056310                         091000036406378873ALINE JENIFER BIM MONCAO                00000000000000000000003500000000013                 
7560001300006U 090000000000000000000000000000000000000000000000000000000000000000000000000000000000000000000000000000000000000000000000000702202507022025    00000000000000000000000                       819791075600000000000000000000       
7560001300007T 0905631000000200980140000027537201011     141746203000000010082024000000000044550756056310                         091000011267673877LUCAS DA COSTA                          00000000000000000000003500000000013                 
7560001300008U 090000000000000000000000000000000000000000000000000000000000000000000000000000000000000000000000000000000000000000000000000702202507022025    00000000000000000000000                       819791175600000000000000000000       
7560001300009T 0905631000000200980140000027539701011     140843423000000010082024000000000028427756056310                         091000011279917792PETRIC RIOS BASTOS                      00000000000000000000003500000000013                 
7560001300010U 090000000000000000000000000000000000000000000000000000000000000000000000000000000000000000000000000000000000000000000000000702202507022025    00000000000000000000000                       819791275600000000000000000000       
7560001300011T 0905631000000200980140000027541201011     142877176300000010082024000000000022472756056310                         091000026504465878KATIA TIBERIO                           00000000000000000000003500000000013                 
7560001300012U 090000000000000000000000000000000000000000000000000000000000000000000000000000000000000000000000000000000000000000000000000702202507022025    00000000000000000000000                       819791375600000000000000000000       
7560001300013T 0605631000000200980140000029461601011     146231310000000005022025000000000133650341000720                         092061139622000190LILLA                                   00000000000000000000003500000000004                 
7560001300014U 060000000000027610000000000000000000000000000000000000000000000000000001364110000000001364110000000000000000000000000000000702202507022025    00000000000000000000000                       819883375600000000000000000000       
75600015         00001600000700000000000292999000000000000000000000000000000000000000000000000000000000000000000000                                                                                                                             
75699999         000001000018000000                                                                                                                                                                                                             
