75600000         229492820000120                    05631000000200873060ANEXA IDIOMAS LTDA            SICOOB                                  22307202408424500109508500000                                                                     
75600011T01  043 2029492820000120          563100002405631000000200873060ANEXA IDIOMAS LTDA                                                                                            000000002307202400000000                                 
7560001300001T 0605631000000200873060000027307501011     140591900000000020072024000000000312145341010170                         092060687639000119PLURY QUIMICAS                          00000000000000000000003500000000004                 
7560001300002U 060000000000000000000000000000000000000000000000000000000000000000000003121450000000003121450000000000000000000000000000002207202422072024    00000000000000000000000                       767310375600000000000000000000       
7560001300003T 0605631000000200873060000027332001011     138464832000000021072024000000000072758001047760                         091000017042999851AURORA CRISTINA DOMINGOS                00000000000000000000003500000000004                 
7560001300004U 060000000000000000000000000000000000000000000000000000000000000000000000727580000000000727580000000000000000000000000000002207202422072024    00000000000000000000000                       767451075600000000000000000000       
7560001300005T 0605631000000200873060000027334401011     139113186700000020072024000000000028970341071660                         091000032654262898DIEGO CESAR DE PAULA                    00000000000000000000003500000000004                 
7560001300006U 060000000000000000000000000000000000000000000000000000000000000000000000289700000000000289700000000000000000000000000000002207202422072024    00000000000000000000000                       767364975600000000000000000000       
7560001300007T 0605631000000200873060000027337601011     139365129800000020072024000000000017490341005590                         091000014026905845SOLANGE APARECIDA GRANGEIRO DE SOUZA    00000000000000000000003500000000004                 
7560001300008U 060000000000000000000000000000000000000000000000000000000000000000000000174900000000000174900000000000000000000000000000002207202422072024    00000000000000000000000                       767308175600000000000000000000       
7560001300009T 0605631000000200873060000027342301011     141596171900000020072024000000000022360033047230                         091000020533601860LUCIANA CARVALHO                        00000000000000000000003500000000004                 
7560001300010U 060000000000000000000000000000000000000000000000000000000000000000000000223600000000000223600000000000000000000000000000002207202422072024    00000000000000000000000                       767303975600000000000000000000       
7560001300011T 0605631000000200873060000027367701011     139161127200000025072024000000000023850341063110                         091000028642395826CARLA REGINA DE ARAUJO                  00000000000000000000003500000000004                 
7560001300012U 060000000000000000000000000000000000000000000000000000000000000000000000238500000000000238500000000000000000000000000000002207202422072024    00000000000000000000000                       767319175600000000000000000000       
7560001300013T 0605631000000200873060000027369101011     139389130700000025072024000000000023203104003460                         091000014930017874MARCOS DONIZETE DOS SANTOS              00000000000000000000003500000000004                 
7560001300014U 060000000000000000000000000000000000000000000000000000000000000000000000232030000000000232030000000000000000000000000000002207202422072024    00000000000000000000000                       767455075600000000000000000000       
75600015         00001600000700000000000500776000000000000000000000000000000000000000000000000000000000000000000000                                                                                                                             
75699999         000001000018000000                                                                                                                                                                                                             
