75600000         232970660000191                    05631000000200980140EDUULMC CURSOS DE IDIOMAS LTDASICOOB                                  21001202509211300095508500000                                                                     
75600011T01  043 2032970660000191          563100002405631000000200980140EDUULMC CURSOS DE IDIOMAS LTDA                                                                                000000001001202500000000                                 
7560001300001T 0605631000000200980140000029187101011     143468208300000010012025000000000028302341037550                         091000003365904158CAMILA FERREIRA PEREIRA SILVA           00000000000000000000003500000000004                 
7560001300002U 060000000000000000000000000000000000000000000000000000000000000000000000283020000000000283020000000000000000000000000000000901202509012025    00000000000000000000000                       811960275600000000000000000000       
7560001300003T 0605631000000200980140000029206701011     141664202400000010012025000000000032000033022710                         091000008992109610SUELY GONCALVES DA SILVA                00000000000000000000003500000000004                 
7560001300004U 060000000000000000000000000000000000000000000000000000000000000000000000320000000000000320000000000000000000000000000000000901202509012025    00000000000000000000000                       812192975600000000000000000000       
75600015         00000600000200000000000060302000000000000000000000000000000000000000000000000000000000000000000000                                                                                                                             
75699999         000001000008000000                                                                                                                                                                                                             
