75600000         229492820000120                    05631000000200873060ANEXA IDIOMAS LTDA            SICOOB                                  20201202512412000117808500000                                                                     
75600011T01  043 2029492820000120          563100002405631000000200873060ANEXA IDIOMAS LTDA                                                                                            000000000201202500000000                                 
7560001300001T 0605631000000200873060000029001401011     140558199500000031122024000000000035200341049030                         091000052635208832VICTOR GASPARINO BARBOSA                00000000000000000000003500000000004                 
7560001300002U 060000000000000000000000000000000000000000000000000000000000000000000000352000000000000352000000000000000000000000000000003012202430122024    00000000000000000000000                       809439375600000000000000000000       
7560001300003T 0605631000000200873060000029033001011     145274206300000030122024000000000029998033022710                         091000044608181831LUANA HELENA BOM FARIAS                 00000000000000000000003500000000004                 
7560001300004U 060000000000000000000000000000000000000000000000000000000000000000000000299980000000000299980000000000000000000000000000003012202430122024    00000000000000000000000                       809278575600000000000000000000       
7560001300005T 0605631000000200873060000029153901011     140740161900000015012025000000000017750001032660                         091000073446530363ANTONIO IRAILSON BEZERRA SABOIA         00000000000000000000003500000000004                 
7560001300006U 060000000000000000000000000000000000000000000000000000000000000000000000177500000000000177500000000000000000000000000000003012202430122024    00000000000000000000000                       809144275600000000000000000000       
75600015         00000800000300000000000082948000000000000000000000000000000000000000000000000000000000000000000000                                                                                                                             
75699999         000001000010000000                                                                                                                                                                                                             
