75600000         229492820000120                    05631000000200873060ANEXA IDIOMAS LTDA            SICOOB                                  21006202408212200107208500000                                                                     
75600011T01  043 2029492820000120          563100002405631000000200873060ANEXA IDIOMAS LTDA                                                                                            000000001006202400000000                                 
7560001300001T 0605631000000200873060000026877001011     139316162200000010062024000000000029733341069060                         091000036877483839LARISSA BARBOZA                         00000000000000000000003500000000004                 
7560001300002U 060000000000000000000000000000000000000000000000000000000000000000000000297330000000000297330000000000000000000000000000000706202407062024    00000000000000000000000                       755599675600000000000000000000       
75600015         00000400000100000000000029733000000000000000000000000000000000000000000000000000000000000000000000                                                                                                                             
75699999         000001000006000000                                                                                                                                                                                                             
