75600000         232970660000191                    05631000000200980140EDUULMC CURSOS DE IDIOMAS LTDASICOOB                                  21102202509014300097208500000                                                                     
75600011T01  043 2032970660000191          563100002405631000000200980140EDUULMC CURSOS DE IDIOMAS LTDA                                                                                000000001102202500000000                                 
7560001300001T 0605631000000200980140000029445801011     141680202600000010022025000000000035200237025030                         091000026814121883 LAIS CRISTINA COIMBRA BENTES           00000000000000000000003500000000004                 
7560001300002U 060000000000000000000000000000000000000000000000000000000000000000000000352000000000000352000000000000000000000000000000001002202510022025    00000000000000000000000                       820122575600000000000000000000       
7560001300003T 0605631000000200980140000029446501011     143469208300000010022025000000000028302341037550                         091000003365904158CAMILA FERREIRA PEREIRA SILVA           00000000000000000000003500000000004                 
7560001300004U 060000000000000000000000000000000000000000000000000000000000000000000000283020000000000283020000000000000000000000000000001002202510022025    00000000000000000000000                       820534475600000000000000000000       
7560001300005T 0605631000000200980140000029447201011     140621149500000010022025000000000018168756050040                         091000042109093862CELINA PEREIRA SANTIAGO                 00000000000000000000003500000000006                 
7560001300006U 060000000000000000000000000000000000000000000000000000000000000000000000181680000000000181680000000000000000000000000000001002202510022025    00000000000000000000000                       820720975600000000000000000000       
7560001300007T 0605631000000200980140000029448001011     142010152300000010022025000000000043259341040530                         091000017533829808CLEBER ANTONIO CHINELATO                00000000000000000000003500000000004                 
7560001300008U 060000000000000000000000000000000000000000000000000000000000000000000000432590000000000432590000000000000000000000000000001002202510022025    00000000000000000000000                       820018375600000000000000000000       
7560001300009T 0605631000000200980140000029449701011     141801203500000010022025000000000021000033009000                         091000014217408854RUTH PEREIRA FILHA SGROIA               00000000000000000000003500000000004                 
7560001300010U 060000000000000000000000000000000000000000000000000000000000000000000000210000000000000210000000000000000000000000000000001002202510022025    00000000000000000000000                       820118675600000000000000000000       
7560001300011T 0605631000000200980140000029451201011     143536209400000010022025000000000025472260000010                         091000054077099889JULIA ALMEIDA REIS                      00000000000000000000003500000000004                 
7560001300012U 060000000000000000000000000000000000000000000000000000000000000000000000254720000000000254720000000000000000000000000000001002202510022025    00000000000000000000000                       820756375600000000000000000000       
7560001300013T 0605631000000200980140000029459001011     143897211700000010022025000000000034848341037470                         091000024947309881FABIO ALVES BONNO                       00000000000000000000003500000000004                 
7560001300014U 060000000000000000000000000000000000000000000000000000000000000000000000348480000000000348480000000000000000000000000000001002202510022025    00000000000000000000000                       820193175600000000000000000000       
7560001300015T 0605631000000200980140000029460901011     142154173800000010022025000000000016517001047520                         091000050020255870VITOR ANTUNES PEREIRA                   00000000000000000000003500000000004                 
7560001300016U 060000000000000000000000000000000000000000000000000000000000000000000000165170000000000165170000000000000000000000000000001002202510022025    00000000000000000000000                       820138175600000000000000000000       
7560001300017T 0605631000000200980140000029518001011     141555188300000015022025000000000024062033010360                         091000042672802823NAYARA VIEIRA DA SILVA                  00000000000000000000003500000000004                 
7560001300018U 060000000000000000000000000000000000000000000000000000000000000000000000240620000000000240620000000000000000000000000000001002202510022025    00000000000000000000000                       820265975600000000000000000000       
7560001300019T 0605631000000200980140000029579001011     146690218000000010022025000000000025000341037840                         091000015608642813ADRIANO GITTI                           00000000000000000000003500000000004                 
7560001300020U 060000000000000000000000000000000000000000000000000000000000000000000000250000000000000250000000000000000000000000000000001002202510022025    00000000000000000000000                       820818075600000000000000000000       
75600015         00002200001000000000000271828000000000000000000000000000000000000000000000000000000000000000000000                                                                                                                             
75699999         000001000024000000                                                                                                                                                                                                             
