75600000         219895217000135                    05631000000200644540IWS CURSOS DE IDIOMAS LTDA    SICOOB                                  20410202409031700140508500000                                                                     
75600011T01  043 2019895217000135          563100002405631000000200644540IWS CURSOS DE IDIOMAS LTDA                                                                                    000000000410202400000000                                 
7560001300001T 0905631000000200644540000026142301011     141044153300000005042024000000000035000756056310                         091000018506198836ALESSANDRA PEREIRA DA SILVA             00000000000000000000003500000000013                 
7560001300002U 090000000000000000000000000000000000000000000000000000000000000000000000000000000000000000000000000000000000000000000000000310202403102024    00000000000000000000000                       786169675600000000000000000000       
7560001300003T 0905631000000200644540000026153401011     139780188000000005042024000000000047700756056310                         091000013428220803EDIVANIA CONCEICAO MEDEIROS DA SILVA    00000000000000000000003500000000013                 
7560001300004U 090000000000000000000000000000000000000000000000000000000000000000000000000000000000000000000000000000000000000000000000000310202403102024    00000000000000000000000                       786169775600000000000000000000       
7560001300005T 0905631000000200644540000026158001011     140719953000000005042024000000000023320756056310                         091000021895277833ERIC HENRIQUE VASCONCELLOS SANTOS       00000000000000000000003500000000013                 
7560001300006U 090000000000000000000000000000000000000000000000000000000000000000000000000000000000000000000000000000000000000000000000000310202403102024    00000000000000000000000                       786169875600000000000000000000       
7560001300007T 0905631000000200644540000026161301011     141197201300000005042024000000000035000756056310                         091000048357994881HENRIQUE ADRIANO DE SOUSA SANTOS        00000000000000000000003500000000013                 
7560001300008U 090000000000000000000000000000000000000000000000000000000000000000000000000000000000000000000000000000000000000000000000000310202403102024    00000000000000000000000                       786169975600000000000000000000       
7560001300009T 0905631000000200644540000026170001011     141634202200000005042024000000000007000756056310                         091000038692878880LAIS NATACHA DE ARAUJO FUJITA           00000000000000000000003500000000013                 
7560001300010U 090000000000000000000000000000000000000000000000000000000000000000000000000000000000000000000000000000000000000000000000000310202403102024    00000000000000000000000                       786170075600000000000000000000       
7560001300011T 0905631000000200644540000026175601011     137946143500000005042024000000000056710756056310                         091000009664163848LILIAN DE FATIMA SILVA                  00000000000000000000003500000000013                 
7560001300012U 090000000000000000000000000000000000000000000000000000000000000000000000000000000000000000000000000000000000000000000000000310202403102024    00000000000000000000000                       786168975600000000000000000000       
7560001300013T 0905631000000200644540000026179501011     137982119800000005042024000000000021200756056310                         091000029939095848DIEGO GOMES                             00000000000000000000003500000000013                 
7560001300014U 090000000000000000000000000000000000000000000000000000000000000000000000000000000000000000000000000000000000000000000000000310202403102024    00000000000000000000000                       786169075600000000000000000000       
7560001300015T 0905631000000200644540000026180301011     141185158200000005042024000000000025000756056310                         091000046056861856NAYARA PEREIRA NASCIMENTO               00000000000000000000003500000000013                 
7560001300016U 090000000000000000000000000000000000000000000000000000000000000000000000000000000000000000000000000000000000000000000000000310202403102024    00000000000000000000000                       786169175600000000000000000000       
7560001300017T 0605631000000200644540000028141401011     139714183000000010102024000000000028302237005930                         091000032988336814CARLOS HENRIQUE DE OLIVEIRA             00000000000000000000003500000000004                 
7560001300018U 060000000000000000000000000000000000000000000000000000000000000000000000283020000000000283020000000000000000000000000000000310202403102024    00000000000000000000000                       786043775600000000000000000000       
7560001300019T 0605631000000200644540000028145301011     142920206800000010102024000000000035200341090330                         091000022022841840DENISE VALENTE EVA                      00000000000000000000003500000000004                 
7560001300020U 060000000000000000000000000000000000000000000000000000000000000000000000352000000000000352000000000000000000000000000000000310202403102024    00000000000000000000000                       786300175600000000000000000000       
7560001300021T 0605631000000200644540000028157101011     143504208600000010102024000000000018900001030260                         091000034465431805JACIANE IZIDORIO DE OLIVEIRA SOUZA      00000000000000000000003500000000004                 
7560001300022U 060000000000000000000000000000000000000000000000000000000000000000000000189000000000000189000000000000000000000000000000000310202403102024    00000000000000000000000                       786220675600000000000000000000       
75600015         00002400001100000000000333332000000000000000000000000000000000000000000000000000000000000000000000                                                                                                                             
75699999         000001000026000000                                                                                                                                                                                                             
