75600000         229492820000120                    05631000000200873060ANEXA IDIOMAS LTDA            SICOOB                                  21706202409011500107508500000                                                                     
75600011T01  043 2029492820000120          563100002405631000000200873060ANEXA IDIOMAS LTDA                                                                                            000000001706202400000000                                 
7560001300001T 0605631000000200873060000026969301011     137334154700000015062024000000000029150033002680                         091000016136232839VALDIRENE CORREIA DE LIMA PEREIRA       00000000000000000000003500000000004                 
7560001300002U 060000000000000000000000000000000000000000000000000000000000000000000000291500000000000291500000000000000000000000000000001406202414062024    00000000000000000000000                       757946975600000000000000000000       
7560001300003T 0605631000000200873060000026973301011     140733161900000015062024000000000017750033036290                         091000073446530363ANTONIO IRAILSON BEZERRA SABOIA         00000000000000000000003500000000004                 
7560001300004U 060000000000000000000000000000000000000000000000000000000000000000000000177500000000000177500000000000000000000000000000001406202414062024    00000000000000000000000                       757949975600000000000000000000       
7560001300005T 0605631000000200873060000026981201011     140154187800000015062024000000000033517341063150                         091000042915794898MAYARA LUCAS DE OLIVEIRA DUCA           00000000000000000000003500000000004                 
7560001300006U 060000000000000000000000000000000000000000000000000000000000000000000000335170000000000335170000000000000000000000000000001406202414062024    00000000000000000000000                       757959375600000000000000000000       
75600015         00000800000300000000000080417000000000000000000000000000000000000000000000000000000000000000000000                                                                                                                             
75699999         000001000010000000                                                                                                                                                                                                             
