75600000         219895217000135                    05631000000200644540IWS CURSOS DE IDIOMAS LTDA    SICOOB                                  22012202415273100145208500000                                                                     
75600011T01  043 2019895217000135          563100002405631000000200644540IWS CURSOS DE IDIOMAS LTDA                                                                                    000000002012202400000000                                 
7560001300001T 0605631000000200644540000028884301011     143752210700000030122024000000000023000756043400                         091000022943219878CINTIA REGINA DE FREITAS                00000000000000000000003500000000006                 
7560001300002U 060000000000000000000000000000000000000000000000000000000000000000000000230000000000000230000000000000000000000000000000001912202419122024    00000000000000000000000                       807433175600000000000000000000       
7560001300003T 0605631000000200644540000028908501011     143780210900000030122024000000000023000033010360                         091000029447536816JANAINE CIRILA SILVA                    00000000000000000000000000000000004                 
7560001300004U 060000000000000000000000000000000000000000000000000000000000000000000000230000000000000230000000000000000000000000000000002012202420122024    00000000000000000000000                       807502075600000000000000000000       
7560001300005T 0605631000000200644540000028918901011     140016147600000020122024000000000031500033010360                         091000043062398884KARINE ARAUJO DOS ANJOS                 00000000000000000000000000000000004                 
7560001300006U 060000000000000000000000000000000000000000000000000000000000000000000000315000000000000315000000000000000000000000000000002012202420122024    00000000000000000000000                       807538375600000000000000000000       
7560001300007T 0605631000000200644540000028928201011     142845354000000020122024000000000026993033007660                         091000021920881832MARCELO DA SILVA FREIRE                 00000000000000000000000000000000004                 
7560001300008U 060000000000000000000000000000000000000000000000000000000000000000000000269930000000000269930000000000000000000000000000002012202420122024    00000000000000000000000                       807501875600000000000000000000       
7560001300009T 0605631000000200644540000028956901011     139286489000000020122024000000000027961237001560                         091000048915085825JOYCE BOLOGNANI ROVERI                  00000000000000000000003500000000004                 
7560001300010U 060000000000000000000000000000000000000000000000000000000000000000000000279610000000000279610000000000000000000000000000001912202419122024    00000000000000000000000                       807329375600000000000000000000       
7560001300011T 0605631000000200644540000029070501011     140433198200000010012025000000000022500001068210                         091000032864696886DANILO NOVO OTAVIANO                    00000000000000000000000000000000004                 
7560001300012U 060000000000000000000000000000000000000000000000000000000000000000000000225000000000000225000000000000000000000000000000002012202420122024    00000000000000000000000                       807485575600000000000000000000       
75600015         00001400000600000000000154954000000000000000000000000000000000000000000000000000000000000000000000                                                                                                                             
75699999         000001000016000000                                                                                                                                                                                                             
