75600000         219895217000135                    05631000000200644540IWS CURSOS DE IDIOMAS LTDA    SICOOB                                  21005202409031400131808500000                                                                     
75600011T01  043 2019895217000135          563100002405631000000200644540IWS CURSOS DE IDIOMAS LTDA                                                                                    000000001005202400000000                                 
7560001300001T 0905631000000200644540000024662101011     135020400000000010112023000000000030000756056310                         091000039857755836ALINE NUNES DAL SOGLIO GUIDI            00000000000000000000003500000000013                 
7560001300002U 090000000000000000000000000000000000000000000000000000000000000000000000000000000000000000000000000000000000000000000000000905202409052024    00000000000000000000000                       748464675600000000000000000000       
7560001300003T 0905631000000200644540000024667801011     134875183000000010112023000000000025365756056310                         091000032988336814CARLOS HENRIQUE DE OLIVEIRA             00000000000000000000003500000000013                 
7560001300004U 090000000000000000000000000000000000000000000000000000000000000000000000000000000000000000000000000000000000000000000000000905202409052024    00000000000000000000000                       748464775600000000000000000000       
7560001300005T 0905631000000200644540000024682901011     137015264000000010112023000000000023320756056310                         091000026634012857JERRISLEI BENTO NOGUEIRA                00000000000000000000003500000000013                 
7560001300006U 090000000000000000000000000000000000000000000000000000000000000000000000000000000000000000000000000000000000000000000000000905202409052024    00000000000000000000000                       748464875600000000000000000000       
7560001300007T 0905631000000200644540000024688201011     133053159000000010112023000000000026700756056310                         091000044355857824LEANDRO DA PAZ PEDRO                    00000000000000000000003500000000013                 
7560001300008U 090000000000000000000000000000000000000000000000000000000000000000000000000000000000000000000000000000000000000000000000000905202409052024    00000000000000000000000                       748464975600000000000000000000       
7560001300009T 0905631000000200644540000024690801011     135466184500000010112023000000000025365756056310                         091000042564299806LETTICIA POSCHI MOTA                    00000000000000000000003500000000013                 
7560001300010U 090000000000000000000000000000000000000000000000000000000000000000000000000000000000000000000000000000000000000000000000000905202409052024    00000000000000000000000                       748465075600000000000000000000       
7560001300011T 0905631000000200644540000024712501011     135176137200000010112023000000000026526756056310                         091000044202915836LAIS CREPALDI                           00000000000000000000003500000000013                 
7560001300012U 090000000000000000000000000000000000000000000000000000000000000000000000000000000000000000000000000000000000000000000000000905202409052024    00000000000000000000000                       748465175600000000000000000000       
7560001300013T 0605631000000200644540000026548401011     140912151400000010052024000000000022247033001070                         091000004913644823VALQUIRIA DE CASSIA NUNES SOARES        00000000000000000000003500000000004                 
7560001300014U 060000000000000000000000000000000000000000000000000000000000000000000000222470000000000222470000000000000000000000000000000905202409052024    00000000000000000000000                       748211975600000000000000000000       
7560001300015T 0605631000000200644540000026662001011     136909114300000020052024000000000070000341090730                         091000053372620763LILIAN VALERIO MARTELLETO               00000000000000000000003500000000004                 
7560001300016U 060000000000000000000000000000000000000000000000000000000000000000000000700000000000000700000000000000000000000000000000000905202409052024    00000000000000000000000                       748089675600000000000000000000       
7560001300017T 0605631000000200644540000026663701011     137847240000000009052024000000000305250341000460                         092062430194000112BRASPAR                                 00000000000000000000003500000000004                 
7560001300018U 060000000000000000000000000000000000000000000000000000000000000000000003052500000000003052500000000000000000000000000000000905202409052024    00000000000000000000000                       748077475600000000000000000000       
7560001300019T 0605631000000200644540000026680201011     140440198300000020052024000000000025000260000010                         091000044504887843CAMILA SILVA BARCELOS                   00000000000000000000003500000000004                 
7560001300020U 060000000000000000000000000000000000000000000000000000000000000000000000250000000000000250000000000000000000000000000000000905202409052024    00000000000000000000000                       748253475600000000000000000000       
75600015         00002200001000000000000579773000000000000000000000000000000000000000000000000000000000000000000000                                                                                                                             
75699999         000001000024000000                                                                                                                                                                                                             
