75600000         219895217000135                    05631000000200644540IWS CURSOS DE IDIOMAS LTDA    SICOOB                                  22706202408022500134508500000                                                                     
75600011T01  043 2019895217000135          563100002405631000000200644540IWS CURSOS DE IDIOMAS LTDA                                                                                    000000002706202400000000                                 
7560001300001T 0605631000000200644540000027085701011     138382194900000030062024000000000025000033039610                         091000045242750880CAMILA CARVALHO BARBOSA NEVES DIAS      00000000000000000000003500000000004                 
7560001300002U 060000000000000000000000000000000000000000000000000000000000000000000000250000000000000250000000000000000000000000000000002606202426062024    00000000000000000000000                       760497975600000000000000000000       
7560001300003T 0905631000000200644540000027127101011     141500169600000005072024000000000025843756056310                         091000025313672843FABIOLA GURGEL                          00000000000000000000003500000000009                 
7560001300004U 090000000000000000000000000000000000000000000000000000000000000000000000000000000000000000000000000000000000000000000000002606202426062024    00000000000000000000000                       760471475600000000000000000000       
75600015         00000600000200000000000050843000000000000000000000000000000000000000000000000000000000000000000000                                                                                                                             
75699999         000001000008000000                                                                                                                                                                                                             
