75600000         232970660000191                    05631000000200980140EDUULMC CURSOS DE IDIOMAS LTDASICOOB                                  22205202408424100084708500000                                                                     
75600011T01  043 2032970660000191          563100002405631000000200980140EDUULMC CURSOS DE IDIOMAS LTDA                                                                                000000002205202400000000                                 
7560001300001T 0605631000000200980140000026718701011     141173201100000020052024000000000065500237012310                         091000028341411857TATIANA CRISTINA CARNEIRO VITORIANO     00000000000000000000003500000000004                 
7560001300002U 060000000000013320000000000000000000000000000000000000000000000000000000668320000000000668320000000000000000000000000000002105202421052024    00000000000000000000000                       751725675600000000000000000000       
75600015         00000400000100000000000065500000000000000000000000000000000000000000000000000000000000000000000000                                                                                                                             
75699999         000001000006000000                                                                                                                                                                                                             
