75600000         219895217000135                    05631000000200644540IWS CURSOS DE IDIOMAS LTDA    SICOOB                                  20412202411224300144008500000                                                                     
75600011T01  043 2019895217000135          563100002405631000000200644540IWS CURSOS DE IDIOMAS LTDA                                                                                    000000000412202400000000                                 
7560001300001T 0905631000000200644540000026801401011     141046153300000005062024000000000035000756056310                         091000018506198836ALESSANDRA PEREIRA DA SILVA             00000000000000000000003500000000013                 
7560001300002U 090000000000000000000000000000000000000000000000000000000000000000000000000000000000000000000000000000000000000000000000000312202403122024    00000000000000000000000                       802236375600000000000000000000       
7560001300003T 0905631000000200644540000026810001011     139782188000000005062024000000000047700756056310                         091000013428220803EDIVANIA CONCEICAO MEDEIROS DA SILVA    00000000000000000000003500000000013                 
7560001300004U 090000000000000000000000000000000000000000000000000000000000000000000000000000000000000000000000000000000000000000000000000312202403122024    00000000000000000000000                       802236575600000000000000000000       
7560001300005T 0905631000000200644540000026811801011     142486188000000005062024000000000007500756056310                         091000013428220803EDIVANIA CONCEICAO MEDEIROS DA SILVA    00000000000000000000003500000000013                 
7560001300006U 090000000000000000000000000000000000000000000000000000000000000000000000000000000000000000000000000000000000000000000000000312202403122024    00000000000000000000000                       802236775600000000000000000000       
7560001300007T 0905631000000200644540000026817101011     140721953000000005062024000000000023320756056310                         091000021895277833ERIC HENRIQUE VASCONCELLOS SANTOS       00000000000000000000003500000000013                 
7560001300008U 090000000000000000000000000000000000000000000000000000000000000000000000000000000000000000000000000000000000000000000000000312202403122024    00000000000000000000000                       802236975600000000000000000000       
7560001300009T 0905631000000200644540000026820401011     141199201300000005062024000000000035000756056310                         091000048357994881HENRIQUE ADRIANO DE SOUSA SANTOS        00000000000000000000003500000000013                 
7560001300010U 090000000000000000000000000000000000000000000000000000000000000000000000000000000000000000000000000000000000000000000000000312202403122024    00000000000000000000000                       802237175600000000000000000000       
7560001300011T 0905631000000200644540000026830801011     137948143500000005062024000000000056710756056310                         091000009664163848LILIAN DE FATIMA SILVA                  00000000000000000000003500000000013                 
7560001300012U 090000000000000000000000000000000000000000000000000000000000000000000000000000000000000000000000000000000000000000000000000312202403122024    00000000000000000000000                       802237375600000000000000000000       
7560001300013T 0905631000000200644540000026834701011     137984119800000005062024000000000021200756056310                         091000029939095848DIEGO GOMES                             00000000000000000000003500000000013                 
7560001300014U 090000000000000000000000000000000000000000000000000000000000000000000000000000000000000000000000000000000000000000000000000312202403122024    00000000000000000000000                       802237575600000000000000000000       
7560001300015T 0905631000000200644540000026925201011     142549206400000005062024000000000035000756056310                         091000048604679812FRANCIELE DOS SANTOS ROCHA              00000000000000000000003500000000013                 
7560001300016U 090000000000000000000000000000000000000000000000000000000000000000000000000000000000000000000000000000000000000000000000000312202403122024    00000000000000000000000                       802237775600000000000000000000       
7560001300017T 0605631000000200644540000028749301011     141616202100000005122024000000000030000033010360                         091000029247398886ANGELA MARIA DIAS DOS REIS              00000000000000000000003500000000004                 
7560001300018U 060000000000000000000000000000000000000000000000000000000000000000000000300000000000000300000000000000000000000000000000000312202403122024    00000000000000000000000                       802114875600000000000000000000       
7560001300019T 0605631000000200644540000028875701011     140148391000000015122024000000000014712341031500                         091000032679656830MAURO AUGUSTO LINO DE ARAUJO            00000000000000000000003500000000004                 
7560001300020U 060000000000000000000000000000000000000000000000000000000000000000000000147120000000000147120000000000000000000000000000000312202403122024    00000000000000000000000                       801949075600000000000000000000       
7560001300021T 0605631000000200644540000028885001011     142665720000000025122024000000000039551104040420                         091000033774740801BRUNA BRITO DE MIRANDA                  00000000000000000000003500000000004                 
7560001300022U 060000000000000000000000000000000000000000000000000000000000000000000000395510000000000395510000000000000000000000000000000312202403122024    00000000000000000000000                       802103975600000000000000000000       
75600015         00002400001100000000000345693000000000000000000000000000000000000000000000000000000000000000000000                                                                                                                             
75699999         000001000026000000                                                                                                                                                                                                             
