75600000         229492820000120                    05631000000200873060ANEXA IDIOMAS LTDA            SICOOB                                  23007202408433400109908500000                                                                     
75600011T01  043 2029492820000120          563100002405631000000200873060ANEXA IDIOMAS LTDA                                                                                            000000003007202400000000                                 
7560001300001T 0905631000000200873060000025458401011     138903186100000030012024000000000028970756056310                         091000022328841805RICARDO MOREIRA BORGES                  00000000000000000000003500000000013                 
7560001300002U 090000000000000000000000000000000000000000000000000000000000000000000000000000000000000000000000000000000000000000000000002907202429072024    00000000000000000000000                       769019475600000000000000000000       
7560001300003T 0905631000000200873060000025459101011     140436186100000030012024000000000015000756056310                         091000022328841805RICARDO MOREIRA BORGES                  00000000000000000000003500000000013                 
7560001300004U 090000000000000000000000000000000000000000000000000000000000000000000000000000000000000000000000000000000000000000000000002907202429072024    00000000000000000000000                       769019575600000000000000000000       
7560001300005T 0905631000000200873060000025460001011     137101175800000030012024000000000023594756056310                         091000031490378839HEIDI PRISCILA GALDINO                  00000000000000000000003500000000013                 
7560001300006U 090000000000000000000000000000000000000000000000000000000000000000000000000000000000000000000000000000000000000000000000002907202429072024    00000000000000000000000                       769019675600000000000000000000       
7560001300007T 0605631000000200873060000027417001011     140553199500000031072024000000000035200341049030                         091000052635208832VICTOR GASPARINO BARBOSA                00000000000000000000003500000000004                 
7560001300008U 060000000000000000000000000000000000000000000000000000000000000000000000352000000000000352000000000000000000000000000000002907202429072024    00000000000000000000000                       768988975600000000000000000000       
75600015         00001000000400000000000102764000000000000000000000000000000000000000000000000000000000000000000000                                                                                                                             
75699999         000001000012000000                                                                                                                                                                                                             
