75600000         229492820000120                    05631000000200873060ANEXA IDIOMAS LTDA            SICOOB                                  21212202408424500116908500000                                                                     
75600011T01  043 2029492820000120          563100002405631000000200873060ANEXA IDIOMAS LTDA                                                                                            000000001212202400000000                                 
7560001300001T 0605631000000200873060000028830301011     144183212900000010122024000000000022200237002720                         091000012445645832EDILEUSA RAMOS DA COSTA NONATO          00000000000000000000003500000000004                 
7560001300002U 060000000000004510000000000000000000000000000000000000000000000000000000226510000000000226510000000000000000000000000000001112202411122024    00000000000000000000000                       805075875600000000000000000000       
7560001300003T 0605631000000200873060000028831001011     144195212900000010122024000000000003000237002720                         091000012445645832EDILEUSA RAMOS DA COSTA NONATO          00000000000000000000003500000000004                 
7560001300004U 060000000000000610000000000000000000000000000000000000000000000000000000030610000000000030610000000000000000000000000000001112202411122024    00000000000000000000000                       805040275600000000000000000000       
75600015         00000600000200000000000025200000000000000000000000000000000000000000000000000000000000000000000000                                                                                                                             
75699999         000001000008000000                                                                                                                                                                                                             
