75600000         232970660000191                    05631000000200980140EDUULMC CURSOS DE IDIOMAS LTDASICOOB                                  21010202409024600091608500000                                                                     
75600011T01  043 2032970660000191          563100002405631000000200980140EDUULMC CURSOS DE IDIOMAS LTDA                                                                                000000001010202400000000                                 
7560001300001T 0605631000000200980140000028222601011     143922211700000010102024000000000005000341037470                         091000024947309881FABIO ALVES BONNO                       00000000000000000000003500000000004                 
7560001300002U 060000000000000000000000000000000000000000000000000000000000000000000000050000000000000050000000000000000000000000000000000910202409102024    00000000000000000000000                       788056075600000000000000000000       
75600015         00000400000100000000000005000000000000000000000000000000000000000000000000000000000000000000000000                                                                                                                             
75699999         000001000006000000                                                                                                                                                                                                             
