75600000         232970660000191                    05631000000200980140EDUULMC CURSOS DE IDIOMAS LTDASICOOB                                  21909202407424700090608500000                                                                     
75600011T01  043 2032970660000191          563100002405631000000200980140EDUULMC CURSOS DE IDIOMAS LTDA                                                                                000000001909202400000000                                 
7560001300001T 0605631000000200980140000027929001011     143661210000000015092024000000000014000260000010                         091000043572947898BRUNO FUZEL MUNHOZ                      00000000000000000000003500000000004                 
7560001300002U 060000000000002950000000000000000000000000000000000000000000000000000000142950000000000142950000000000000000000000000000001809202418092024    00000000000000000000000                       782893475600000000000000000000       
75600015         00000400000100000000000014000000000000000000000000000000000000000000000000000000000000000000000000                                                                                                                             
75699999         000001000006000000                                                                                                                                                                                                             
