75600000         232970660000191                    05631000000200980140EDUULMC CURSOS DE IDIOMAS LTDASICOOB                                  22309202409024600090808500000                                                                     
75600011T01  043 2032970660000191          563100002405631000000200980140EDUULMC CURSOS DE IDIOMAS LTDA                                                                                000000002309202400000000                                 
7560001300001T 0605631000000200980140000028003201011     138478180400000020092024000000000071232341070550                         091000027111775805CARLOS JOSE  FERREIRA DA COSTA          00000000000000000000003500000000004                 
7560001300002U 060000000000000000000000000000000000000000000000000000000000000000000000712320000000000712320000000000000000000000000000002009202420092024    00000000000000000000000                       783359875600000000000000000000       
7560001300003T 0605631000000200980140000028007101011     139223293000000020092024000000000065296033001150                         091000003696482854NADIR FRANCISCO DO AMARAL               00000000000000000000003500000000004                 
7560001300004U 060000000000000000000000000000000000000000000000000000000000000000000000652960000000000652960000000000000000000000000000002009202420092024    00000000000000000000000                       783335875600000000000000000000       
75600015         00000600000200000000000136528000000000000000000000000000000000000000000000000000000000000000000000                                                                                                                             
75699999         000001000008000000                                                                                                                                                                                                             
