75600000         229492820000120                    05631000000200873060ANEXA IDIOMAS LTDA            SICOOB                                  22810202409041200114508500000                                                                     
75600011T01  043 2029492820000120          563100002405631000000200873060ANEXA IDIOMAS LTDA                                                                                            000000002810202400000000                                 
7560001300001T 0605631000000200873060000028353301011     142417111500000025102024000000000030337033029800                         091000098449648491MARIA HELENA DOS REIS                   00000000000000000000003500000000004                 
7560001300002U 060000000000000000000000000000000000000000000000000000000000000000000000303370000000000303370000000000000000000000000000002510202425102024    00000000000000000000000                       792173875600000000000000000000       
7560001300003T 0605631000000200873060000028358001011     140278133700000025102024000000000017490341073860                         091000034193427803EDVANIA SILVA PEREIRA                   00000000000000000000003500000000004                 
7560001300004U 060000000000000000000000000000000000000000000000000000000000000000000000174900000000000174900000000000000000000000000000002510202425102024    00000000000000000000000                       792188475600000000000000000000       
7560001300005T 0605631000000200873060000028411601011     139236127000000030102024000000000017750033036290                         091000073446530363ANTONIO IRAILSON BEZERRA SABOIA         00000000000000000000003500000000004                 
7560001300006U 060000000000000000000000000000000000000000000000000000000000000000000000177500000000000177500000000000000000000000000000002510202425102024    00000000000000000000000                       792176075600000000000000000000       
75600015         00000800000300000000000065577000000000000000000000000000000000000000000000000000000000000000000000                                                                                                                             
75699999         000001000010000000                                                                                                                                                                                                             
