75600000         229492820000120                    05631000000200873060ANEXA IDIOMAS LTDA            SICOOB                                  21405202408195700106008500000                                                                     
75600011T01  043 2029492820000120          563100002405631000000200873060ANEXA IDIOMAS LTDA                                                                                            000000001405202400000000                                 
7560001300001T 0605631000000200873060000026597201011     138871159000000010052024000000000015000341031300                         091000044355857824LEANDRO DA PAZ PEDRO                    00000000000000000000003500000000004                 
7560001300002U 060000000000003150000000000000000000000000000000000000000000000000000000153150000000000153150000000000000000000000000000001305202413052024    00000000000000000000000                       749270375600000000000000000000       
75600015         00000400000100000000000015000000000000000000000000000000000000000000000000000000000000000000000000                                                                                                                             
75699999         000001000006000000                                                                                                                                                                                                             
