75600000         219895217000135                    05631000000200644540IWS CURSOS DE IDIOMAS LTDA    SICOOB                                  21908202409024000137408500000                                                                     
75600011T01  043 2019895217000135          563100002405631000000200644540IWS CURSOS DE IDIOMAS LTDA                                                                                    000000001908202400000000                                 
7560001300001T 0605631000000200644540000027552301011     140795100900000015082024000000000007416237025200                         091000001652584625JOSE ARGENTINO DE OLIVEIRA NETO         00000000000000000000003500000000004                 
7560001300002U 060000000000000000000000000000000000000000000000000000000000000000000000074160000000000074160000000000000000000000000000001608202416082024    00000000000000000000000                       774277475600000000000000000000       
7560001300003T 0605631000000200644540000027557001011     140144391000000015082024000000000014712341031500                         091000032679656830MAURO AUGUSTO LINO DE ARAUJO            00000000000000000000003500000000004                 
7560001300004U 060000000000002990000000000000000000000000000000000000000000000000000000150110000000000150110000000000000000000000000000001608202416082024    00000000000000000000000                       774319675600000000000000000000       
7560001300005T 0605631000000200644540000027562701011     142997207300000015082024000000000009000033003410                         091000033745263812TIAGO MARCIANO DA SILVA                 00000000000000000000003500000000004                 
7560001300006U 060000000000001830000000000000000000000000000000000000000000000000000000091830000000000091830000000000000000000000000000001608202416082024    00000000000000000000000                       774279975600000000000000000000       
7560001300007T 0605631000000200644540000027563401011     143009207300000015082024000000000004000033003410                         091000033745263812TIAGO MARCIANO DA SILVA                 00000000000000000000003500000000004                 
7560001300008U 060000000000000810000000000000000000000000000000000000000000000000000000040810000000000040810000000000000000000000000000001608202416082024    00000000000000000000000                       774308075600000000000000000000       
75600015         00001000000400000000000035128000000000000000000000000000000000000000000000000000000000000000000000                                                                                                                             
75699999         000001000012000000                                                                                                                                                                                                             
