75600000         219895217000135                    05631000000200644540IWS CURSOS DE IDIOMAS LTDA    SICOOB                                  22406202409421900134208500000                                                                     
75600011T01  043 2019895217000135          563100002405631000000200644540IWS CURSOS DE IDIOMAS LTDA                                                                                    000000002406202400000000                                 
7560001300001T 0605631000000200644540000027013701011     140441198300000020062024000000000025000260000010                         091000044504887843CAMILA SILVA BARCELOS                   00000000000000000000003500000000004                 
7560001300002U 060000000000005080000000000000000000000000000000000000000000000000000000255080000000000255080000000000000000000000000000002106202421062024    00000000000000000000000                       759675275600000000000000000000       
7560001300003T 0605631000000200644540000027040601011     141318201900000025062024000000000020000341064110                         091000012934327760WHENNY OLIVEIRA RIBEIRO                 00000000000000000000003500000000004                 
7560001300004U 060000000000000000000000000000000000000000000000000000000000000000000000200000000000000200000000000000000000000000000000002106202421062024    00000000000000000000000                       759654675600000000000000000000       
75600015         00000600000200000000000045000000000000000000000000000000000000000000000000000000000000000000000000                                                                                                                             
75699999         000001000008000000                                                                                                                                                                                                             
