75600000         219895217000135                    05631000000200644540IWS CURSOS DE IDIOMAS LTDA    SICOOB                                  20602202509413800147908500000                                                                     
75600011T01  043 2019895217000135          563100002405631000000200644540IWS CURSOS DE IDIOMAS LTDA                                                                                    000000000602202500000000                                 
7560001300001T 0605631000000200644540000029120901011     140257182700000010012025000000000025472237005930                         091000039053153861SAMMYA M. DA S. SOUSA                   00000000000000000000003500000000004                 
7560001300002U 060000000000007170000000000000000000000000000000000000000000000000000000261890000000000261890000000000000000000000000000000502202505022025    00000000000000000000000                       819019875600000000000000000000       
7560001300003T 0605631000000200644540000029343101011     141618202100000005022025000000000030000033010360                         091000029247398886ANGELA MARIA DIAS DOS REIS              00000000000000000000003500000000004                 
7560001300004U 060000000000000000000000000000000000000000000000000000000000000000000000300000000000000300000000000000000000000000000000000502202505022025    00000000000000000000000                       819046375600000000000000000000       
7560001300005T 0605631000000200644540000029345601011     144568215100000005022025000000000024700033003400                         091000046397259811ELAINE CRISTINA DUARTE DE SOUZA         00000000000000000000003500000000004                 
7560001300006U 060000000000000000000000000000000000000000000000000000000000000000000000247000000000000247000000000000000000000000000000000502202505022025    00000000000000000000000                       819045275600000000000000000000       
7560001300007T 0605631000000200644540000029346301011     139826183100000005022025000000000028302033010360                         091000034078049893ELLEN DOS SANTOS FRANCO                 00000000000000000000003500000000004                 
7560001300008U 060000000000000000000000000000000000000000000000000000000000000000000000283020000000000283020000000000000000000000000000000502202505022025    00000000000000000000000                       818696475600000000000000000000       
7560001300009T 0605631000000200644540000029349501011     139946185000000005022025000000000024380341038090                         091000008563118803SIMONE SOARES ZUANETTI                  00000000000000000000003500000000004                 
7560001300010U 060000000000000000000000000000000000000000000000000000000000000000000000243800000000000243800000000000000000000000000000000502202505022025    00000000000000000000000                       818759075600000000000000000000       
7560001300011T 0605631000000200644540000029352801011     139970185200000005022025000000000021094341038090                         091000008563118803SIMONE SOARES ZUANETTI                  00000000000000000000003500000000004                 
7560001300012U 060000000000000000000000000000000000000000000000000000000000000000000000210940000000000210940000000000000000000000000000000502202505022025    00000000000000000000000                       818768875600000000000000000000       
7560001300013T 0605631000000200644540000029358101011     140246181900000005022025000000000024804237005930                         091000028597539828ROSANGELA DE LOURDES MENDES             00000000000000000000003500000000004                 
7560001300014U 060000000000000000000000000000000000000000000000000000000000000000000000248040000000000248040000000000000000000000000000000502202505022025    00000000000000000000000                       819019775600000000000000000000       
7560001300015T 0605631000000200644540000029361401011     141459694000000005022025000000000038154033017840                         091000036768656856CINTIA DEZASSO QUINI                    00000000000000000000003500000000004                 
7560001300016U 060000000000000000000000000000000000000000000000000000000000000000000000381540000000000381540000000000000000000000000000000502202505022025    00000000000000000000000                       819047575600000000000000000000       
7560001300017T 0605631000000200644540000029403901011     140258182700000010022025000000000025472237005930                         091000039053153861SAMMYA M. DA S. SOUSA                   00000000000000000000003500000000004                 
7560001300018U 060000000000000000000000000000000000000000000000000000000000000000000000254720000000000254720000000000000000000000000000000502202505022025    00000000000000000000000                       819019975600000000000000000000       
7560001300019T 0605631000000200644540000029412501011     142655140000000010022025000000000028090341006460                         091000048087608860BIANCA OLIVEIRA SILVA                   00000000000000000000003500000000004                 
7560001300020U 060000000000000000000000000000000000000000000000000000000000000000000000280900000000000280900000000000000000000000000000000502202505022025    00000000000000000000000                       818705575600000000000000000000       
7560001300021T 0605631000000200644540000029463001011     146274198800000005022025000000000041764033008210                         091000039743835814HUDSON CARDOSO DE OLIVEIRA              00000000000000000000003500000000004                 
7560001300022U 060000000000000000000000000000000000000000000000000000000000000000000000417640000000000417640000000000000000000000000000000502202505022025    00000000000000000000000                       818696175600000000000000000000       
75600015         00002400001100000000000312232000000000000000000000000000000000000000000000000000000000000000000000                                                                                                                             
75699999         000001000026000000                                                                                                                                                                                                             
