75600000         219895217000135                    05631000000200644540IWS CURSOS DE IDIOMAS LTDA    SICOOB                                  20309202408043900138408500000                                                                     
75600011T01  043 2019895217000135          563100002405631000000200644540IWS CURSOS DE IDIOMAS LTDA                                                                                    000000000309202400000000                                 
7560001300001T 0605631000000200644540000025429301011     138292422000000010092024000000000031482104040800                         091000053378733853PEDRO TAMOTSU HARA                      00000000000000000000003500000000004                 
7560001300002U 060000000000000000000000000000000000000000000000000000000000000000000000314820000000000314820000000000000000000000000000000209202402092024    00000000000000000000000                       777571375600000000000000000000       
7560001300003T 0905631000000200644540000025791601011     141251153300000005032024000000000035000756056310                         091000018506198836ALESSANDRA PEREIRA DA SILVA             00000000000000000000003500000000013                 
7560001300004U 090000000000000000000000000000000000000000000000000000000000000000000000000000000000000000000000000000000000000000000000000209202402092024    00000000000000000000000                       777758375600000000000000000000       
7560001300005T 0905631000000200644540000025810101011     139779188000000005032024000000000047700756056310                         091000013428220803EDIVANIA CONCEICAO MEDEIROS DA SILVA    00000000000000000000003500000000013                 
7560001300006U 090000000000000000000000000000000000000000000000000000000000000000000000000000000000000000000000000000000000000000000000000209202402092024    00000000000000000000000                       777758575600000000000000000000       
7560001300007T 0905631000000200644540000025815801011     130708953000000005032024000000000022000756056310                         091000021895277833ERIC HENRIQUE VASCONCELLOS SANTOS       00000000000000000000003500000000013                 
7560001300008U 090000000000000000000000000000000000000000000000000000000000000000000000000000000000000000000000000000000000000000000000000209202402092024    00000000000000000000000                       777789975600000000000000000000       
7560001300009T 0905631000000200644540000025818001011     141196201300000005032024000000000035000756056310                         091000048357994881HENRIQUE ADRIANO DE SOUSA SANTOS        00000000000000000000003500000000013                 
7560001300010U 090000000000000000000000000000000000000000000000000000000000000000000000000000000000000000000000000000000000000000000000000209202402092024    00000000000000000000000                       777790175600000000000000000000       
7560001300011T 0905631000000200644540000025831601011     137945143500000005032024000000000056710756056310                         091000009664163848LILIAN DE FATIMA SILVA                  00000000000000000000003500000000013                 
7560001300012U 090000000000000000000000000000000000000000000000000000000000000000000000000000000000000000000000000000000000000000000000000209202402092024    00000000000000000000000                       777790375600000000000000000000       
7560001300013T 0905631000000200644540000025835501011     137981119800000005032024000000000021200756056310                         091000029939095848DIEGO GOMES                             00000000000000000000003500000000013                 
7560001300014U 090000000000000000000000000000000000000000000000000000000000000000000000000000000000000000000000000000000000000000000000000209202402092024    00000000000000000000000                       777790575600000000000000000000       
7560001300015T 0905631000000200644540000025836201011     141184158200000005032024000000000025000756056310                         091000046056861856NAYARA PEREIRA NASCIMENTO               00000000000000000000003500000000013                 
7560001300016U 090000000000000000000000000000000000000000000000000000000000000000000000000000000000000000000000000000000000000000000000000209202402092024    00000000000000000000000                       777790775600000000000000000000       
7560001300017T 0905631000000200644540000025856001011     136667292000000005032024000000000064821756056310                         091000021603861890ZHAO KEHUI                              00000000000000000000003500000000013                 
7560001300018U 090000000000000000000000000000000000000000000000000000000000000000000000000000000000000000000000000000000000000000000000000209202402092024    00000000000000000000000                       777790975600000000000000000000       
7560001300019T 0905631000000200644540000025857701011     137534141300000005032024000000000029138756056310                         091000010760816654LAURA CRISTINA LIMA DINIZ               00000000000000000000003500000000013                 
7560001300020U 090000000000000000000000000000000000000000000000000000000000000000000000000000000000000000000000000000000000000000000000000209202402092024    00000000000000000000000                       777791175600000000000000000000       
7560001300021T 0605631000000200644540000027677901011     142016192600000031082024000000000031235033007280                         091000026592685840DANIELLY VAZ CORONADO                   00000000000000000000003500000000004                 
7560001300022U 060000000000000000000000000000000000000000000000000000000000000000000000312350000000000312350000000000000000000000000000000209202402092024    00000000000000000000000                       777807175600000000000000000000       
7560001300023T 0605631000000200644540000027688001011     139102143000000031082024000000000038503341019760                         091000041922650870DEBORA SIQUEIRA DA SILVA                00000000000000000000003500000000004                 
7560001300024U 060000000000000000000000000000000000000000000000000000000000000000000000385030000000000385030000000000000000000000000000000209202402092024    00000000000000000000000                       777606775600000000000000000000       
7560001300025T 0605631000000200644540000027698301011     138267144800000030082024000000000020000748040310                         091000096218444600PATRICIA ALEXANDRINA DA SILVA MORAIS    00000000000000000000003500000000004                 
7560001300026U 060000000000004210000000000000000000000000000000000000000000000000000000204210000000000204210000000000000000000000000000000209202402092024    00000000000000000000000                       777623775600000000000000000000       
7560001300027T 0605631000000200644540000027708201011     137926178600000030082024000000000037100237035680                         091000018874492804DANIELA DE SIQUEIRA AUDRA.              00000000000000000000003500000000004                 
7560001300028U 060000000000007780000000000000000000000000000000000000000000000000000000378780000000000378780000000000000000000000000000000209202402092024    00000000000000000000000                       777804875600000000000000000000       
7560001300029T 0605631000000200644540000027746201011     143760210800000030082024000000000026700260000010                         091000048444666823ALYSON VINICIUS FREITAS DOS SANTOS      00000000000000000000003500000000004                 
7560001300030U 060000000000005610000000000000000000000000000000000000000000000000000000272610000000000272610000000000000000000000000000000209202402092024    00000000000000000000000                       777548275600000000000000000000       
7560001300031T 0605631000000200644540000027753401011     141613202100000005092024000000000030000033010360                         091000029247398886ANGELA MARIA DIAS DOS REIS              00000000000000000000003500000000004                 
7560001300032U 060000000000000000000000000000000000000000000000000000000000000000000000300000000000000300000000000000000000000000000000000209202402092024    00000000000000000000000                       777591075600000000000000000000       
7560001300033T 0905631000000200644540000027755901011     139821183100000005092024000000000028302756056310                         091000034078049893ELLEN DOS SANTOS FRANCO                 00000000000000000000003500000000009                 
7560001300034U 090000000000000000000000000000000000000000000000000000000000000000000000000000000000000000000000000000000000000000000000000209202402092024    00000000000000000000000                       777477775600000000000000000000       
7560001300035T 0605631000000200644540000027756601011     139151148600000005092024000000000031482104002720                         091000025313672843FABIOLA GURGEL                          00000000000000000000003500000000004                 
7560001300036U 060000000000000000000000000000000000000000000000000000000000000000000000314820000000000314820000000000000000000000000000000209202402092024    00000000000000000000000                       777564575600000000000000000000       
7560001300037T 0605631000000200644540000027767701011     140181420000000005092024000000000028230033039610                         091000011632733846PAULO SERGIO GONCALVES DE OLIVEIRA      00000000000000000000003500000000004                 
7560001300038U 060000000000000000000000000000000000000000000000000000000000000000000000282300000000000282300000000000000000000000000000000209202402092024    00000000000000000000000                       777813275600000000000000000000       
7560001300039T 0605631000000200644540000027800601011     143835194900000031082024000000000021000033039610                         091000045242750880CAMILA CARVALHO BARBOSA NEVES DIAS      00000000000000000000003500000000004                 
7560001300040U 060000000000000000000000000000000000000000000000000000000000000000000000210000000000000210000000000000000000000000000000000209202402092024    00000000000000000000000                       777595775600000000000000000000       
7560001300041T 0605631000000200644540000027802001011     143837195000000031082024000000000021000341014910                         091000044237668843AMERICO RICARDO COUTINHO DIAS           00000000000000000000003500000000004                 
7560001300042U 060000000000000000000000000000000000000000000000000000000000000000000000210000000000000210000000000000000000000000000000000209202402092024    00000000000000000000000                       777605775600000000000000000000       
7560001300043T 0605631000000200644540000027806001011     139139207000000010092024000000000032762001029220                         091000009240151796FABIANA CRISTINA DE OLIVEIRA            00000000000000000000003500000000004                 
7560001300044U 060000000000000000000000000000000000000000000000000000000000000000000000327620000000000327620000000000000000000000000000000209202402092024    00000000000000000000000                       777554275600000000000000000000       
7560001300045T 0605631000000200644540000027814901011     141942204400000015092024000000000006000341007180                         091000043289016803MICHELE DA PAZ ALVES                    00000000000000000000003500000000004                 
7560001300046U 060000000000000000000000000000000000000000000000000000000000000000000000060000000000000060000000000000000000000000000000000209202402092024    00000000000000000000000                       777854475600000000000000000000       
7560001300047T 0605631000000200644540000027853601011     142404264000000010092024000000000024719033010360                         091000026634012857JERRISLEI BENTO NOGUEIRA                00000000000000000000003500000000004                 
7560001300048U 060000000000000000000000000000000000000000000000000000000000000000000000247190000000000247190000000000000000000000000000000209202402092024    00000000000000000000000                       777637375600000000000000000000       
7560001300049T 0605631000000200644540000027854301011     138256157000000010092024000000000053000001001400                         091000007057855990KAUANNE FERREIRA DE MELO                00000000000000000000003500000000004                 
7560001300050U 060000000000000000000000000000000000000000000000000000000000000000000000530000000000000530000000000000000000000000000000000209202402092024    00000000000000000000000                       777725675600000000000000000000       
7560001300051T 0605631000000200644540000027855001011     143544157000000010092024000000000007500001001400                         091000007057855990KAUANNE FERREIRA DE MELO                00000000000000000000003500000000004                 
7560001300052U 060000000000000000000000000000000000000000000000000000000000000000000000075000000000000075000000000000000000000000000000000209202402092024    00000000000000000000000                       777840775600000000000000000000       
7560001300053T 0605631000000200644540000027869301011     142866537000000010092024000000000055618341070550                         091000009017220813SUZI SANTOS MONIZ                       00000000000000000000003500000000004                 
7560001300054U 060000000000000000000000000000000000000000000000000000000000000000000000556180000000000556180000000000000000000000000000000209202402092024    00000000000000000000000                       777615675600000000000000000000       
75600015         00005600002700000000000861202000000000000000000000000000000000000000000000000000000000000000000000                                                                                                                             
75699999         000001000058000000                                                                                                                                                                                                             
