75600000         229492820000120                    05631000000200873060ANEXA IDIOMAS LTDA            SICOOB                                  20811202410024000115208500000                                                                     
75600011T01  043 2029492820000120          563100002405631000000200873060ANEXA IDIOMAS LTDA                                                                                            000000000811202400000000                                 
7560001300001T 0905631000000200873060000026571101011     139003182900000010052024000000000021094756056310                         091000010645957828ROSANA BOSON CONCEICAO MACEDO           00000000000000000000003500000000013                 
7560001300002U 090000000000000000000000000000000000000000000000000000000000000000000000000000000000000000000000000000000000000000000000000711202407112024    00000000000000000000000                       795336675600000000000000000000       
7560001300003T 0905631000000200873060000026573601011     139637189200000010052024000000000018974756056310                         091000026577600821ANA PAULA PEREIRA DA SILVA              00000000000000000000003500000000013                 
7560001300004U 090000000000000000000000000000000000000000000000000000000000000000000000000000000000000000000000000000000000000000000000000711202407112024    00000000000000000000000                       795336775600000000000000000000       
7560001300005T 0905631000000200873060000026576801011     141926204300000010052024000000000028300756056310                         091000026257486807ELIANA SOUSA DE OLIVEIRA                00000000000000000000003500000000013                 
7560001300006U 090000000000000000000000000000000000000000000000000000000000000000000000000000000000000000000000000000000000000000000000000711202407112024    00000000000000000000000                       795336875600000000000000000000       
7560001300007T 0905631000000200873060000026580801011     136609172900000010052024000000000023320756056310                         091000022128641837CELIA MATOS SILVA                       00000000000000000000003500000000013                 
7560001300008U 090000000000000000000000000000000000000000000000000000000000000000000000000000000000000000000000000000000000000000000000000711202407112024    00000000000000000000000                       795336975600000000000000000000       
7560001300009T 0905631000000200873060000026586101011     139913133200000010052024000000000024200756056310                         091000037261643831GABRIELA RAMOS DOS SANTOS               00000000000000000000003500000000013                 
7560001300010U 090000000000000000000000000000000000000000000000000000000000000000000000000000000000000000000000000000000000000000000000000711202407112024    00000000000000000000000                       795337075600000000000000000000       
7560001300011T 0905631000000200873060000026600001011     140376197900000010052024000000000022200756056310                         091000031691253898LEANDRO FERREIRA MUNIZ                  00000000000000000000003500000000013                 
7560001300012U 090000000000000000000000000000000000000000000000000000000000000000000000000000000000000000000000000000000000000000000000000711202407112024    00000000000000000000000                       795337175600000000000000000000       
7560001300013T 0905631000000200873060000026601801011     141522497000000010052024000000000044944756056310                         091000025609453801MARCIA HELENA FERNANDES                 00000000000000000000003500000000013                 
7560001300014U 090000000000000000000000000000000000000000000000000000000000000000000000000000000000000000000000000000000000000000000000000711202407112024    00000000000000000000000                       795337275600000000000000000000       
7560001300015T 0905631000000200873060000026603201011     141301184800000010052024000000000003750756056310                         091000016158461822SERGIO APARECIDO DE BARROS SILVA        00000000000000000000003500000000013                 
7560001300016U 090000000000000000000000000000000000000000000000000000000000000000000000000000000000000000000000000000000000000000000000000711202407112024    00000000000000000000000                       795337375600000000000000000000       
7560001300017T 0905631000000200873060000026604001011     139375184800000010052024000000000028302756056310                         091000016158461822SERGIO APARECIDO DE BARROS SILVA        00000000000000000000003500000000013                 
7560001300018U 090000000000000000000000000000000000000000000000000000000000000000000000000000000000000000000000000000000000000000000000000711202407112024    00000000000000000000000                       795337475600000000000000000000       
7560001300019T 0905631000000200873060000026609601011     142327205800000010052024000000000022000756056310                         091000046586007810NICOLE DOS SANTOS                       00000000000000000000003500000000013                 
7560001300020U 090000000000000000000000000000000000000000000000000000000000000000000000000000000000000000000000000000000000000000000000000711202407112024    00000000000000000000000                       795337575600000000000000000000       
7560001300021T 0905631000000200873060000026610401011     139423129500000010052024000000000034980756056310                         091000031192736869ELIDA DE CAMPOS HEIN                    00000000000000000000003500000000013                 
7560001300022U 090000000000000000000000000000000000000000000000000000000000000000000000000000000000000000000000000000000000000000000000000711202407112024    00000000000000000000000                       795337675600000000000000000000       
7560001300023T 0905631000000200873060000026612901011     141558190900000010052024000000000018868756056310                         091000042658157827SABRINA ARILAINE SOUZA OLIVEIRA         00000000000000000000003500000000013                 
7560001300024U 090000000000000000000000000000000000000000000000000000000000000000000000000000000000000000000000000000000000000000000000000711202407112024    00000000000000000000000                       795337775600000000000000000000       
7560001300025T 0905631000000200873060000026616801011     140900123200000010052024000000000022123756056310                         091000012980636800ALEXANDRO SOARES                        00000000000000000000003500000000013                 
7560001300026U 090000000000000000000000000000000000000000000000000000000000000000000000000000000000000000000000000000000000000000000000000711202407112024    00000000000000000000000                       795337875600000000000000000000       
7560001300027T 0905631000000200873060000026673801011     142489205600000010052024000000000032000756056310                         091000027230658802DAGMAR DE OLIVEIRA MOTA PENHA           00000000000000000000003500000000013                 
7560001300028U 090000000000000000000000000000000000000000000000000000000000000000000000000000000000000000000000000000000000000000000000000711202407112024    00000000000000000000000                       795337975600000000000000000000       
7560001300029T 0905631000000200873060000026674501011     142490205600000010052024000000000030000756056310                         091000027230658802DAGMAR DE OLIVEIRA MOTA PENHA           00000000000000000000003500000000013                 
7560001300030U 090000000000000000000000000000000000000000000000000000000000000000000000000000000000000000000000000000000000000000000000000711202407112024    00000000000000000000000                       795338075600000000000000000000       
7560001300031T 0905631000000200873060000026744601011     142491205600000010052024000000000030000756056310                         091000027230658802DAGMAR DE OLIVEIRA MOTA PENHA           00000000000000000000003500000000013                 
7560001300032U 090000000000000000000000000000000000000000000000000000000000000000000000000000000000000000000000000000000000000000000000000711202407112024    00000000000000000000000                       795338175600000000000000000000       
7560001300033T 0605631000000200873060000028605501011     141761203100000015112024000000000022200104030040                         091000056970711838MARCELA ROBERTA DE ALMEIDA SILVA        00000000000000000000003500000000004                 
7560001300034U 060000000000000000000000000000000000000000000000000000000000000000000000222000000000000222000000000000000000000000000000000711202407112024    00000000000000000000000                       795147275600000000000000000000       
75600015         00003600001700000000000427255000000000000000000000000000000000000000000000000000000000000000000000                                                                                                                             
75699999         000001000038000000                                                                                                                                                                                                             
