75600000         229492820000120                    05631000000200873060ANEXA IDIOMAS LTDA            SICOOB                                  20702202509415000119608500000                                                                     
75600011T01  043 2029492820000120          563100002405631000000200873060ANEXA IDIOMAS LTDA                                                                                            000000000702202500000000                                 
7560001300001T 0605631000000200873060000029438301011     140897166700000010022025000000000019404260000010                         091000028041743870TATIANE BRUNHARO                        00000000000000000000003500000000004                 
7560001300002U 060000000000000000000000000000000000000000000000000000000000000000000000194040000000000194040000000000000000000000000000000602202506022025    00000000000000000000000                       819372375600000000000000000000       
7560001300003T 0605631000000200873060000029440901011     145357216000000010022025000000000031200748040310                         091000008739074692THOMAZ FRANKLIN DE SOUZA JORGE          00000000000000000000003500000000004                 
7560001300004U 060000000000000000000000000000000000000000000000000000000000000000000000312000000000000312000000000000000000000000000000000602202506022025    00000000000000000000000                       819125975600000000000000000000       
75600015         00000600000200000000000050604000000000000000000000000000000000000000000000000000000000000000000000                                                                                                                             
75699999         000001000008000000                                                                                                                                                                                                             
