75600000         229492820000120                    05631000000200873060ANEXA IDIOMAS LTDA            SICOOB                                  20908202411070200110508500000                                                                     
75600011T01  043 2029492820000120          563100002405631000000200873060ANEXA IDIOMAS LTDA                                                                                            000000000908202400000000                                 
7560001300001T 0605631000000200873060000027547301011     143434208000000010082024000000000022200341018000                         091000034253088821DRYELLE SOUSA SAMPAIO                   00000000000000000000003500000000004                 
7560001300002U 060000000000000000000000000000000000000000000000000000000000000000000000222000000000000222000000000000000000000000000000000808202408082024    00000000000000000000000                       771723975600000000000000000000       
7560001300003T 0605631000000200873060000027592501011     142076152900000016082024000000000029150260000010                         091000028645823845EDNALVA RITA BEZERRA                    00000000000000000000003500000000004                 
7560001300004U 060000000000000000000000000000000000000000000000000000000000000000000000291500000000000291500000000000000000000000000000000808202408082024    00000000000000000000000                       771578875600000000000000000000       
75600015         00000600000200000000000051350000000000000000000000000000000000000000000000000000000000000000000000                                                                                                                             
75699999         000001000008000000                                                                                                                                                                                                             
