75600000         219895217000135                    05631000000200644540IWS CURSOS DE IDIOMAS LTDA    SICOOB                                  22801202511300800147208500000                                                                     
75600011T01  043 2019895217000135          563100002405631000000200644540IWS CURSOS DE IDIOMAS LTDA                                                                                    000000002801202500000000                                 
7560001300001T 0905631000000200644540000027386001011     137937155900000030072024000000000014712756056310                         091000003251742965JONAS ROBERTO KOEHLER                   00000000000000000000003500000000013                 
7560001300002U 090000000000000000000000000000000000000000000000000000000000000000000000000000000000000000000000000000000000000000000000002701202527012025    00000000000000000000000                       816857275600000000000000000000       
7560001300003T 0905631000000200644540000027388401011     138395195000000030072024000000000025000756056310                         091000044237668843AMERICO RICARDO COUTINHO DIAS           00000000000000000000003500000000013                 
7560001300004U 090000000000000000000000000000000000000000000000000000000000000000000000000000000000000000000000000000000000000000000000002701202527012025    00000000000000000000000                       816857375600000000000000000000       
7560001300005T 0905631000000200644540000027390001011     139627183700000030072024000000000019080756056310                         091000016695147817RENATO BEZERRA SANTANA                  00000000000000000000003500000000013                 
7560001300006U 090000000000000000000000000000000000000000000000000000000000000000000000000000000000000000000000000000000000000000000000002701202527012025    00000000000000000000000                       816857475600000000000000000000       
7560001300007T 0905631000000200644540000027391701011     138383194900000030072024000000000025000756056310                         091000045242750880CAMILA CARVALHO BARBOSA NEVES DIAS      00000000000000000000003500000000013                 
7560001300008U 090000000000000000000000000000000000000000000000000000000000000000000000000000000000000000000000000000000000000000000000002701202527012025    00000000000000000000000                       816856375600000000000000000000       
7560001300009T 0905631000000200644540000027392401011     141236103000000030072024000000000027908756056310                         091000018488640862CLAUDIA GONCALVES MOREIRA               00000000000000000000003500000000013                 
7560001300010U 090000000000000000000000000000000000000000000000000000000000000000000000000000000000000000000000000000000000000000000000002701202527012025    00000000000000000000000                       816856475600000000000000000000       
7560001300011T 0905631000000200644540000027393101011     140638700000000030072024000000000033708756056310                         091000021472802837DAYANE FEITOSA LIMA                     00000000000000000000003500000000013                 
7560001300012U 090000000000000000000000000000000000000000000000000000000000000000000000000000000000000000000000000000000000000000000000002701202527012025    00000000000000000000000                       816856575600000000000000000000       
7560001300013T 0905631000000200644540000027402301011     141392480000000030072024000000000031461756056310                         091000041970584890ANA VITORIA ROLIM FRANCESCHI            00000000000000000000003500000000013                 
7560001300014U 090000000000000000000000000000000000000000000000000000000000000000000000000000000000000000000000000000000000000000000000002701202527012025    00000000000000000000000                       816856675600000000000000000000       
7560001300015T 0905631000000200644540000027403001011     137925178600000030072024000000000037100756056310                         091000018874492804DANIELA DE SIQUEIRA AUDRA.              00000000000000000000003500000000013                 
7560001300016U 090000000000000000000000000000000000000000000000000000000000000000000000000000000000000000000000000000000000000000000000002701202527012025    00000000000000000000000                       816856775600000000000000000000       
7560001300017T 0905631000000200644540000027405501011     137973389000000030072024000000000192468756056310                         091000011588248828MAURICIO MARTINELLI SILVA LUPERI        00000000000000000000003500000000013                 
7560001300018U 090000000000000000000000000000000000000000000000000000000000000000000000000000000000000000000000000000000000000000000000002701202527012025    00000000000000000000000                       816856875600000000000000000000       
7560001300019T 0905631000000200644540000027406201011     138009435000000030072024000000000032741756056310                         091000041970583819RICARDO FRANCESCHI FILHO                00000000000000000000003500000000013                 
7560001300020U 090000000000000000000000000000000000000000000000000000000000000000000000000000000000000000000000000000000000000000000000002701202527012025    00000000000000000000000                       816855775600000000000000000000       
7560001300021T 0905631000000200644540000027425201011     143417155900000030072024000000000007000756056310                         091000003251742965JONAS ROBERTO KOEHLER                   00000000000000000000003500000000013                 
7560001300022U 090000000000000000000000000000000000000000000000000000000000000000000000000000000000000000000000000000000000000000000000002701202527012025    00000000000000000000000                       816855875600000000000000000000       
7560001300023T 0605631000000200644540000029284101011     141881942000000025012025000000000032500341040990                         091000015450028865ELISABETE JOIA MINELLI CAMPOS           00000000000000000000003500000000004                 
7560001300024U 060000000000000000000000000000000000000000000000000000000000000000000000325000000000000325000000000000000000000000000000002701202527012025    00000000000000000000000                       816543875600000000000000000000       
7560001300025T 0605631000000200644540000029300501011     139455125900000025012025000000000037100033007660                         091000041028268823RODRIGO SANTIEGO DA SILVA               00000000000000000000003500000000004                 
7560001300026U 060000000000000000000000000000000000000000000000000000000000000000000000371000000000000371000000000000000000000000000000002701202527012025    00000000000000000000000                       816639775600000000000000000000       
7560001300027T 0605631000000200644540000029386801011     143483208400000010022025000000000038720341040880                         091000015095382830CRISTINA MAKIKO SAITO HIRANO            00000000000000000000003500000000004                 
7560001300028U 060000000000000000000000000000000000000000000000000000000000000000000000387200000000000387200000000000000000000000000000002701202527012025    00000000000000000000000                       816682575600000000000000000000       
75600015         00003000001400000000000554498000000000000000000000000000000000000000000000000000000000000000000000                                                                                                                             
75699999         000001000032000000                                                                                                                                                                                                             
