75600000         219895217000135                    05631000000200644540IWS CURSOS DE IDIOMAS LTDA    SICOOB                                  20912202409230400144308500000                                                                     
75600011T01  043 2019895217000135          563100002405631000000200644540IWS CURSOS DE IDIOMAS LTDA                                                                                    000000000912202400000000                                 
7560001300001T 0605631000000200644540000028762001011     143806211100000010122024000000000028700077000010                         091000062383501301GABRIEL MELO GAGLIONI                   00000000000000000000003500000000004                 
7560001300002U 060000000000000000000000000000000000000000000000000000000000000000000000287000000000000287000000000000000000000000000000000612202406122024    00000000000000000000000                       803283575600000000000000000000       
7560001300003T 0605631000000200644540000028763701011     143719210400000010122024000000000038000033000890                         091000035003158874GABRIELA CARVALHO                       00000000000000000000003500000000004                 
7560001300004U 060000000000000000000000000000000000000000000000000000000000000000000000380000000000000380000000000000000000000000000000000612202406122024    00000000000000000000000                       803197775600000000000000000000       
7560001300005T 0605631000000200644540000028770901011     139250128400000010122024000000000034662341007560                         091000000623528819ANTONIO CARLOS DA SILVA                 00000000000000000000003500000000004                 
7560001300006U 060000000000000000000000000000000000000000000000000000000000000000000000346620000000000346620000000000000000000000000000000612202406122024    00000000000000000000000                       803015475600000000000000000000       
7560001300007T 0605631000000200644540000028958301011     142809114300000020122024000000000074200341090730                         091000053372620763LILIAN VALERIO MARTELLETO               00000000000000000000003500000000004                 
7560001300008U 060000000000000000000000000000000000000000000000000000000000000000000000742000000000000742000000000000000000000000000000000612202406122024    00000000000000000000000                       803027075600000000000000000000       
75600015         00001000000400000000000175562000000000000000000000000000000000000000000000000000000000000000000000                                                                                                                             
75699999         000001000012000000                                                                                                                                                                                                             
