75600000         232970660000191              40383305631000000200980140EDUULMC CURSOS DE IDIOMAS LTDASICOOB                                  21206202408432400085808500000                                                                     
75600011T01  043 2032970660000191          563100002405631000000200980140EDUULMC CURSOS DE IDIOMAS LTDA                                                                                000000001206202400000000                                 
7560001300001T 0605631000000200980140000026913401011     139340160400000010062024000000000030304341091060                         091000043285071842LETICIA DA SILVA SOBREIRA               00000000000000000000003500000000004                 
7560001300002U 060000000000006160000000000000000000000000000000000000000000000000000000309200000000000309200000000000000000000000000000001106202411062024    00000000000000000000000                       756914775600000000000000000000       
7560001300003T 0605631000000200980140000026918001011     141657202400000010062024000000000032000260000010                         091000008992109610SUELY GONCALVES DA SILVA                00000000000000000000003500000000004                 
7560001300004U 060000000000006510000000000000000000000000000000000000000000000000000000326510000000000326510000000000000000000000000000001106202411062024    00000000000000000000000                       756991675600000000000000000000       
75600015         00000600000200000000000062304000000000000000000000000000000000000000000000000000000000000000000000                                                                                                                             
75699999         000001000008000000                                                                                                                                                                                                             
