75600000         229492820000120                    05631000000200873060ANEXA IDIOMAS LTDA            SICOOB                                  20612202409224400116508500000                                                                     
75600011T01  043 2029492820000120          563100002405631000000200873060ANEXA IDIOMAS LTDA                                                                                            000000000612202400000000                                 
7560001300001T 0605631000000200873060000028806601011     141960204500000010122024000000000022200260000010                         091000033025700823SHIRLEI BATISTA MORILLO                 00000000000000000000003500000000004                 
7560001300002U 060000000000000000000000000000000000000000000000000000000000000000000000222000000000000222000000000000000000000000000000000512202405122024    00000000000000000000000                       802826375600000000000000000000       
75600015         00000400000100000000000022200000000000000000000000000000000000000000000000000000000000000000000000                                                                                                                             
75699999         000001000006000000                                                                                                                                                                                                             
