75600000         232970660000191                    05631000000200980140EDUULMC CURSOS DE IDIOMAS LTDASICOOB                                  22606202410025600086308500000                                                                     
75600011T01  043 2032970660000191          563100002405631000000200980140EDUULMC CURSOS DE IDIOMAS LTDA                                                                                000000002606202400000000                                 
7560001300001T 0605631000000200980140000027061001011     138943196700000025062024000000000017800260000010                         091000042973398894ANNA JULIA DE PAULA ABREU               00000000000000000000003500000000004                 
7560001300002U 060000000000000000000000000000000000000000000000000000000000000000000000178000000000000178000000000000000000000000000000002506202425062024    00000000000000000000000                       760293675600000000000000000000       
7560001300003T 0605631000000200980140000027066701011     142300205500000025062024000000000035000237023800                         091000023105369899PABLO ALBERTO ALBANO                    00000000000000000000003500000000004                 
7560001300004U 060000000000000000000000000000000000000000000000000000000000000000000000350000000000000350000000000000000000000000000000002506202425062024    00000000000000000000000                       760201675600000000000000000000       
7560001300005T 0605631000000200980140000027067401011     139196149800000025062024000000000029150237001220                         091000027893285877ANA PAULA HAMMERMEISTER GIMENES         00000000000000000000003500000000004                 
7560001300006U 060000000000000000000000000000000000000000000000000000000000000000000000291500000000000291500000000000000000000000000000002506202425062024    00000000000000000000000                       760319075600000000000000000000       
7560001300007T 0605631000000200980140000027068101011     142575149800000025062024000000000007500237001220                         091000027893285877ANA PAULA HAMMERMEISTER GIMENES         00000000000000000000003500000000004                 
7560001300008U 060000000000000000000000000000000000000000000000000000000000000000000000075000000000000075000000000000000000000000000000002506202425062024    00000000000000000000000                       760350675600000000000000000000       
75600015         00001000000400000000000089450000000000000000000000000000000000000000000000000000000000000000000000                                                                                                                             
75699999         000001000012000000                                                                                                                                                                                                             
