75600000         229492820000120                    05631000000200873060ANEXA IDIOMAS LTDA            SICOOB                                  20512202408225600116408500000                                                                     
75600011T01  043 2029492820000120          563100002405631000000200873060ANEXA IDIOMAS LTDA                                                                                            000000000512202400000000                                 
7560001300001T 0605631000000200873060000028998501011     141085200600000015122024000000000022000341070550                         091000017121273810MARCIA CASTRO OLIVEIRA                  00000000000000000000003500000000004                 
7560001300002U 060000000000000000000000000000000000000000000000000000000000000000000000220000000000000220000000000000000000000000000000000412202404122024    00000000000000000000000                       802301375600000000000000000000       
75600015         00000400000100000000000022000000000000000000000000000000000000000000000000000000000000000000000000                                                                                                                             
75699999         000001000006000000                                                                                                                                                                                                             
