75600000         232970660000191                    05631000000200980140EDUULMC CURSOS DE IDIOMAS LTDASICOOB                                  22805202409025300084808500000                                                                     
75600011T01  043 2032970660000191          563100002405631000000200980140EDUULMC CURSOS DE IDIOMAS LTDA                                                                                000000002805202400000000                                 
7560001300001T 0605631000000200980140000026741701011     138942196700000025052024000000000017800260000010                         091000042973398894ANNA JULIA DE PAULA ABREU               00000000000000000000003500000000004                 
7560001300002U 060000000000000000000000000000000000000000000000000000000000000000000000178000000000000178000000000000000000000000000000002705202427052024    00000000000000000000000                       752503075600000000000000000000       
7560001300003T 0605631000000200980140000026744901011     139195149800000025052024000000000029150237001220                         091000027893285877ANA PAULA HAMMERMEISTER GIMENES         00000000000000000000003500000000004                 
7560001300004U 060000000000000000000000000000000000000000000000000000000000000000000000291500000000000291500000000000000000000000000000002705202427052024    00000000000000000000000                       752793075600000000000000000000       
7560001300005T 0605631000000200980140000026794701011     142522205500000025052024000000000035000237023800                         091000023105369899PABLO ALBERTO ALBANO                    00000000000000000000003500000000004                 
7560001300006U 060000000000000000000000000000000000000000000000000000000000000000000000350000000000000350000000000000000000000000000000002705202427052024    00000000000000000000000                       752487675600000000000000000000       
7560001300007T 0605631000000200980140000026907001011     137752148300000010062024000000000015000237004210                         091000038686017835ISABELA GONCALVES CARDOSO DE SA         00000000000000000000003500000000004                 
7560001300008U 060000000000000000000000000000000000000000000000000000000000000000000000150000000000000150000000000000000000000000000000002705202427052024    00000000000000000000000                       752793775600000000000000000000       
75600015         00001000000400000000000096950000000000000000000000000000000000000000000000000000000000000000000000                                                                                                                             
75699999         000001000012000000                                                                                                                                                                                                             
