75600000         219895217000135                    05631000000200644540IWS CURSOS DE IDIOMAS LTDA    SICOOB                                  23008202408225500138208500000                                                                     
75600011T01  043 2019895217000135          563100002405631000000200644540IWS CURSOS DE IDIOMAS LTDA                                                                                    000000003008202400000000                                 
7560001300001T 0605631000000200644540000027712201011     139498128200000030082024000000000040810260000010                         091000041725138832ULISSES TIAGO DO NASCIMENTO FIGUEIREDO G00000000000000000000003500000000004                 
7560001300002U 060000000000000000000000000000000000000000000000000000000000000000000000408100000000000408100000000000000000000000000000002908202429082024    00000000000000000000000                       777108075600000000000000000000       
75600015         00000400000100000000000040810000000000000000000000000000000000000000000000000000000000000000000000                                                                                                                             
75699999         000001000006000000                                                                                                                                                                                                             
