75600000         232970660000191                    05631000000200980140EDUULMC CURSOS DE IDIOMAS LTDASICOOB                                  22210202408424600091908500000                                                                     
75600011T01  043 2032970660000191          563100002405631000000200980140EDUULMC CURSOS DE IDIOMAS LTDA                                                                                000000002210202400000000                                 
7560001300001T 0905631000000200980140000026387801011     141893191900000023042024000000000007500756056310                         091000041416631828GABRIEL RODRIGUES BATISTA               00000000000000000000003500000000013                 
7560001300002U 090000000000000000000000000000000000000000000000000000000000000000000000000000000000000000000000000000000000000000000000002110202421102024    00000000000000000000000                       791426675600000000000000000000       
7560001300003T 0605631000000200980140000028071301011     138208144900000025092024000000000066441341029610                         091000047364370811BARBARA PINTO PEINADOR GARCIA           00000000000000000000003500000000004                 
7560001300004U 060000000000019010000000000000000000000000000000000000000000000000000000683420000000000683420000000000000000000000000000002110202421102024    00000000000000000000000                       791224575600000000000000000000       
7560001300005T 0605631000000200980140000028363001011     138479180400000020102024000000000071232341070550                         091000027111775805CARLOS JOSE  FERREIRA DA COSTA          00000000000000000000003500000000004                 
7560001300006U 060000000000000000000000000000000000000000000000000000000000000000000000712320000000000712320000000000000000000000000000002110202421102024    00000000000000000000000                       791115075600000000000000000000       
7560001300007T 0605631000000200980140000028364701011     139092158400000020102024000000000023203033010360                         091000043877622844DANIELLE AQUINO GASPAR                  00000000000000000000003500000000004                 
7560001300008U 060000000000000000000000000000000000000000000000000000000000000000000000232030000000000232030000000000000000000000000000002110202421102024    00000000000000000000000                       791137375600000000000000000000       
7560001300009T 0605631000000200980140000028366101011     142393175600000020102024000000000024719001033120                         091000043947232802FELLIPE FONSECA                         00000000000000000000003500000000004                 
7560001300010U 060000000000000000000000000000000000000000000000000000000000000000000000247190000000000247190000000000000000000000000000002110202421102024    00000000000000000000000                       790979475600000000000000000000       
7560001300011T 0605631000000200980140000028369301011     139224293000000020102024000000000065296001069140                         091000003696482854NADIR FRANCISCO DO AMARAL               00000000000000000000003500000000004                 
7560001300012U 060000000000000000000000000000000000000000000000000000000000000000000000652960000000000652960000000000000000000000000000002110202421102024    00000000000000000000000                       790975275600000000000000000000       
7560001300013T 0605631000000200980140000028374001011     141178201100000020102024000000000065500237012310                         091000028341411857TATIANA CRISTINA CARNEIRO VITORIANO     00000000000000000000003500000000004                 
7560001300014U 060000000000000000000000000000000000000000000000000000000000000000000000655000000000000655000000000000000000000000000000002110202421102024    00000000000000000000000                       791298475600000000000000000000       
7560001300015T 0605631000000200980140000028381201011     144309214000000020102024000000000045012341031460                         091000035766868863FELIPE ALVES DE SOUSA                   00000000000000000000003500000000004                 
7560001300016U 060000000000000000000000000000000000000000000000000000000000000000000000450120000000000450120000000000000000000000000000002110202421102024    00000000000000000000000                       791121975600000000000000000000       
75600015         00001800000800000000000368903000000000000000000000000000000000000000000000000000000000000000000000                                                                                                                             
75699999         000001000020000000                                                                                                                                                                                                             
