75600000         232970660000191                    05631000000200980140EDUULMC CURSOS DE IDIOMAS LTDASICOOB                                  20611202408425500092508500000                                                                     
75600011T01  043 2032970660000191          563100002405631000000200980140EDUULMC CURSOS DE IDIOMAS LTDA                                                                                000000000611202400000000                                 
7560001300001T 0605631000000200980140000028548201011     140882549000000005112024000000000020693001035590                         091000022777304831THAIS DA SILVA BARBOSA                  00000000000000000000003500000000004                 
7560001300002U 060000000000000000000000000000000000000000000000000000000000000000000000206930000000000206930000000000000000000000000000000511202405112024    00000000000000000000000                       794427375600000000000000000000       
7560001300003T 0605631000000200980140000028555401011     144339310000000005112024000000000152550341000720                         092061139622000190LILLA                                   00000000000000000000003500000000004                 
7560001300004U 060000000000000000000000000000000000000000000000000000000000000000000001525500000000001525500000000000000000000000000000000511202405112024    00000000000000000000000                       794458775600000000000000000000       
75600015         00000600000200000000000173243000000000000000000000000000000000000000000000000000000000000000000000                                                                                                                             
75699999         000001000008000000                                                                                                                                                                                                             
