75600000         229492820000120                    05631000000200873060ANEXA IDIOMAS LTDA            SICOOB                                  20801202509012500118108500000                                                                     
75600011T01  043 2029492820000120          563100002405631000000200873060ANEXA IDIOMAS LTDA                                                                                            000000000801202500000000                                 
7560001300001T 0905631000000200873060000027193501011     139639189200000010072024000000000018974756056310                         091000026577600821ANA PAULA PEREIRA DA SILVA              00000000000000000000003500000000013                 
7560001300002U 090000000000000000000000000000000000000000000000000000000000000000000000000000000000000000000000000000000000000000000000000701202507012025    00000000000000000000000                       811322975600000000000000000000       
7560001300003T 0905631000000200873060000027196701011     141991172900000010072024000000000024719756056310                         091000022128641837CELIA MATOS SILVA                       00000000000000000000003500000000013                 
7560001300004U 090000000000000000000000000000000000000000000000000000000000000000000000000000000000000000000000000000000000000000000000000701202507012025    00000000000000000000000                       811323075600000000000000000000       
7560001300005T 0905631000000200873060000027198101011     137443473000000010072024000000000024363756056310                         091000016773035813VILMA DE OLIVEIRA GALVEZ BARBOSA        00000000000000000000003500000000013                 
7560001300006U 090000000000000000000000000000000000000000000000000000000000000000000000000000000000000000000000000000000000000000000000000701202507012025    00000000000000000000000                       811323175600000000000000000000       
7560001300007T 0905631000000200873060000027202701011     142316205600000010072024000000000032000756056310                         091000027230658802DAGMAR DE OLIVEIRA MOTA PENHA           00000000000000000000003500000000013                 
7560001300008U 090000000000000000000000000000000000000000000000000000000000000000000000000000000000000000000000000000000000000000000000000701202507012025    00000000000000000000000                       811323275600000000000000000000       
7560001300009T 0905631000000200873060000027204101011     142502206200000010072024000000000030000756056310                         091000033198171830KARINA DE CASSIA CARVALHO MANOEL        00000000000000000000003500000000013                 
7560001300010U 090000000000000000000000000000000000000000000000000000000000000000000000000000000000000000000000000000000000000000000000000701202507012025    00000000000000000000000                       811323375600000000000000000000       
7560001300011T 0905631000000200873060000027208001011     140378197900000010072024000000000022200756056310                         091000031691253898LEANDRO FERREIRA MUNIZ                  00000000000000000000003500000000013                 
7560001300012U 090000000000000000000000000000000000000000000000000000000000000000000000000000000000000000000000000000000000000000000000000701202507012025    00000000000000000000000                       811323475600000000000000000000       
7560001300013T 0905631000000200873060000027209801011     141524497000000010072024000000000044944756056310                         091000025609453801MARCIA HELENA FERNANDES                 00000000000000000000003500000000013                 
7560001300014U 090000000000000000000000000000000000000000000000000000000000000000000000000000000000000000000000000000000000000000000000000701202507012025    00000000000000000000000                       811323575600000000000000000000       
7560001300015T 0905631000000200873060000027210601011     139377184800000010072024000000000028302756056310                         091000016158461822SERGIO APARECIDO DE BARROS SILVA        00000000000000000000003500000000013                 
7560001300016U 090000000000000000000000000000000000000000000000000000000000000000000000000000000000000000000000000000000000000000000000000701202507012025    00000000000000000000000                       811323675600000000000000000000       
7560001300017T 0905631000000200873060000027212001011     142329205800000010072024000000000022000756056310                         091000046586007810NICOLE DOS SANTOS                       00000000000000000000003500000000013                 
7560001300018U 090000000000000000000000000000000000000000000000000000000000000000000000000000000000000000000000000000000000000000000000000701202507012025    00000000000000000000000                       811323775600000000000000000000       
7560001300019T 0905631000000200873060000027214501011     142135174300000010072024000000000022360756056310                         091000026203136867IRIS DE SOUZA REIS                      00000000000000000000003500000000013                 
7560001300020U 090000000000000000000000000000000000000000000000000000000000000000000000000000000000000000000000000000000000000000000000000701202507012025    00000000000000000000000                       811323875600000000000000000000       
7560001300021T 0905631000000200873060000027215201011     141560190900000010072024000000000018868756056310                         091000042658157827SABRINA ARILAINE SOUZA OLIVEIRA         00000000000000000000003500000000013                 
7560001300022U 090000000000000000000000000000000000000000000000000000000000000000000000000000000000000000000000000000000000000000000000000701202507012025    00000000000000000000000                       811323975600000000000000000000       
7560001300023T 0905631000000200873060000027217701011     140902123200000010072024000000000022123756056310                         091000012980636800ALEXANDRO SOARES                        00000000000000000000003500000000013                 
7560001300024U 090000000000000000000000000000000000000000000000000000000000000000000000000000000000000000000000000000000000000000000000000701202507012025    00000000000000000000000                       811324075600000000000000000000       
7560001300025T 0605631000000200873060000029139501011     141961204500000010012025000000000022200260000010                         091000033025700823SHIRLEI BATISTA MORILLO                 00000000000000000000003500000000004                 
7560001300026U 060000000000000000000000000000000000000000000000000000000000000000000000222000000000000222000000000000000000000000000000000701202507012025    00000000000000000000000                       811120775600000000000000000000       
7560001300027T 0605631000000200873060000029147401011     141921204200000010012025000000000022880341073860                         091000041101415835CAROLINE BRITO DE DEUS OLIVEIRA         00000000000000000000003500000000004                 
7560001300028U 060000000000000000000000000000000000000000000000000000000000000000000000228800000000000228800000000000000000000000000000000701202507012025    00000000000000000000000                       811050375600000000000000000000       
75600015         00003000001400000000000355933000000000000000000000000000000000000000000000000000000000000000000000                                                                                                                             
75699999         000001000032000000                                                                                                                                                                                                             
