75600000         229492820000120                    05631000000200873060ANEXA IDIOMAS LTDA            SICOOB                                  21410202415585000113808500000                                                                     
75600011T01  043 2029492820000120          563100002405631000000200873060ANEXA IDIOMAS LTDA                                                                                            000000001410202400000000                                 
7560001300001T 0605631000000200873060000028357201011     141732202800000020102024000000000035200033015720                         091000043469702810RENAN FERREIRA DIAS                     00000000000000000000003500000000004                 
7560001300002U 060000000000000000000000000000000000000000000000000000000000000000000000352000000000000352000000000000000000000000000000001110202411102024    00000000000000000000000                       788873375600000000000000000000       
75600015         00000400000100000000000035200000000000000000000000000000000000000000000000000000000000000000000000                                                                                                                             
75699999         000001000006000000                                                                                                                                                                                                             
