75600000         229492820000120                    05631000000200873060ANEXA IDIOMAS LTDA            SICOOB                                  22207202408234600109408500000                                                                     
75600011T01  043 2029492820000120          563100002405631000000200873060ANEXA IDIOMAS LTDA                                                                                            000000002207202400000000                                 
7560001300001T 0905631000000200873060000025396201011     136993176100000020012024000000000023320756056310                         091000053020204836GUILHERME SILVA GONCALVES               00000000000000000000003500000000013                 
7560001300002U 090000000000000000000000000000000000000000000000000000000000000000000000000000000000000000000000000000000000000000000000001907202419072024    00000000000000000000000                       767211075600000000000000000000       
7560001300003T 0905631000000200873060000025397001011     138137193700000020012024000000000028000756056310                         091000014776191784ISIS GAUDERETO DRUMOND DE ABREU         00000000000000000000003500000000013                 
7560001300004U 090000000000000000000000000000000000000000000000000000000000000000000000000000000000000000000000000000000000000000000000001907202419072024    00000000000000000000000                       767211175600000000000000000000       
7560001300005T 0605631000000200873060000027336901011     139879189100000020072024000000000033920341007570                         091000036517885803FERNANDO HENRIQUE CESTO ASCENSO         00000000000000000000003500000000004                 
7560001300006U 060000000000000000000000000000000000000000000000000000000000000000000000339200000000000339200000000000000000000000000000001907202419072024    00000000000000000000000                       767095275600000000000000000000       
7560001300007T 0605631000000200873060000027340901011     141125200000000020072024000000000035200033020620                         091000032243380838NADLA ARAUJO DA SILVA                   00000000000000000000003500000000004                 
7560001300008U 060000000000000000000000000000000000000000000000000000000000000000000000352000000000000352000000000000000000000000000000001907202419072024    00000000000000000000000                       767089875600000000000000000000       
75600015         00001000000400000000000120440000000000000000000000000000000000000000000000000000000000000000000000                                                                                                                             
75699999         000001000012000000                                                                                                                                                                                                             
