75600000         229492820000120                    05631000000200873060ANEXA IDIOMAS LTDA            SICOOB                                  22609202409220800113008500000                                                                     
75600011T01  043 2029492820000120          563100002405631000000200873060ANEXA IDIOMAS LTDA                                                                                            000000002609202400000000                                 
7560001300001T 0605631000000200873060000028059101011     139163127200000025092024000000000025281341063110                         091000028642395826CARLA REGINA DE ARAUJO                  00000000000000000000003500000000004                 
7560001300002U 060000000000000000000000000000000000000000000000000000000000000000000000252810000000000252810000000000000000000000000000002509202425092024    00000000000000000000000                       784306675600000000000000000000       
7560001300003T 0605631000000200873060000028062401011     142416111500000025092024000000000030337033029800                         091000098449648491MARIA HELENA DOS REIS                   00000000000000000000003500000000004                 
7560001300004U 060000000000000000000000000000000000000000000000000000000000000000000000303370000000000303370000000000000000000000000000002509202425092024    00000000000000000000000                       784357475600000000000000000000       
7560001300005T 0605631000000200873060000028067001011     140277133700000025092024000000000017490081000010                         091000034193427803EDVANIA SILVA PEREIRA                   00000000000000000000003500000000004                 
7560001300006U 060000000000000000000000000000000000000000000000000000000000000000000000174900000000000174900000000000000000000000000000002509202425092024    00000000000000000000000                       784267975600000000000000000000       
75600015         00000800000300000000000073108000000000000000000000000000000000000000000000000000000000000000000000                                                                                                                             
75699999         000001000010000000                                                                                                                                                                                                             
