75600000         219895217000135                    05631000000200644540IWS CURSOS DE IDIOMAS LTDA    SICOOB                                  20306202409013800132908500000                                                                     
75600011T01  043 2019895217000135          563100002405631000000200644540IWS CURSOS DE IDIOMAS LTDA                                                                                    000000000306202400000000                                 
7560001300001T 0905631000000200644540000024895801011     135830151500000002122023000000000045000756056310                         091000071010386972CARLOS EDUARDO TONELLI COBO             00000000000000000000003500000000013                 
7560001300002U 090000000000000000000000000000000000000000000000000000000000000000000000000000000000000000000000000000000000000000000000003105202431052024    00000000000000000000000                       753740975600000000000000000000       
7560001300003T 0605631000000200644540000026566701011     140225122700000015052024000000000017140341007410                         091000006332290838ROSANA DE PAULO                         00000000000000000000003500000000004                 
7560001300004U 060000000000004390000000000000000000000000000000000000000000000000000000175790000000000175790000000000000000000000000000003105202431052024    00000000000000000000000                       753521575600000000000000000000       
7560001300005T 0605631000000200644540000026770001011     137923178600000030052024000000000037100237035680                         091000018874492804DANIELA DE SIQUEIRA AUDRA.              00000000000000000000003500000000004                 
7560001300006U 060000000000000000000000000000000000000000000000000000000000000000000000371000000000000371000000000000000000000000000000003105202431052024    00000000000000000000000                       753641975600000000000000000000       
7560001300007T 0605631000000200644540000026786801011     138264144800000030052024000000000020000748040310                         091000096218444600PATRICIA ALEXANDRINA DA SILVA MORAIS    00000000000000000000003500000000004                 
7560001300008U 060000000000000000000000000000000000000000000000000000000000000000000000200000000000000200000000000000000000000000000000003105202431052024    00000000000000000000000                       753538275600000000000000000000       
7560001300009T 0605631000000200644540000026788201011     139471542000000031052024000000000038503001012670                         091000018743687830TANIA CORREA DA SILVA                   00000000000000000000003500000000004                 
7560001300010U 060000000000000000000000000000000000000000000000000000000000000000000000385030000000000385030000000000000000000000000000003105202431052024    00000000000000000000000                       753617875600000000000000000000       
7560001300011T 0605631000000200644540000026789001011     136693323000000030052024000000000024408341008660                         091000004471029908LEANDRO AUGUSTO CALIXTO                 00000000000000000000003500000000004                 
7560001300012U 060000000000000000000000000000000000000000000000000000000000000000000000244080000000000244080000000000000000000000000000003105202431052024    00000000000000000000000                       753522175600000000000000000000       
7560001300013T 0605631000000200644540000026790801011     137971389000000030052024000000000192468033021460                         091000011588248828MAURICIO MARTINELLI SILVA LUPERI        00000000000000000000003500000000004                 
7560001300014U 060000000000000000000000000000000000000000000000000000000000000000000001924680000000001924680000000000000000000000000000003105202431052024    00000000000000000000000                       753644575600000000000000000000       
7560001300015T 0605631000000200644540000026842601011     137646537000000010062024000000000052470341070550                         091000009017220813SUZI SANTOS MONIZ                       00000000000000000000003500000000004                 
7560001300016U 060000000000000000000000000000000000000000000000000000000000000000000000524700000000000524700000000000000000000000000000003105202431052024    00000000000000000000000                       753658475600000000000000000000       
75600015         00001800000800000000000427089000000000000000000000000000000000000000000000000000000000000000000000                                                                                                                             
75699999         000001000020000000                                                                                                                                                                                                             
