75600000         232970660000191                    05631000000200980140EDUULMC CURSOS DE IDIOMAS LTDASICOOB                                  22006202407422800086008500000                                                                     
75600011T01  043 2032970660000191          563100002405631000000200980140EDUULMC CURSOS DE IDIOMAS LTDA                                                                                000000002006202400000000                                 
7560001300001T 0605631000000200980140000027064201011     139088158400000020062024000000000023203237001540                         091000043877622844DANIELLE AQUINO GASPAR                  00000000000000000000003500000000004                 
7560001300002U 060000000000000000000000000000000000000000000000000000000000000000000000232030000000000232030000000000000000000000000000001906202419062024    00000000000000000000000                       759150975600000000000000000000       
7560001300003T 0605631000000200980140000027069901011     139220293000000020062024000000000065296001069140                         091000003696482854NADIR FRANCISCO DO AMARAL               00000000000000000000003500000000004                 
7560001300004U 060000000000000000000000000000000000000000000000000000000000000000000000652960000000000652960000000000000000000000000000001906202419062024    00000000000000000000000                       759198475600000000000000000000       
75600015         00000600000200000000000088499000000000000000000000000000000000000000000000000000000000000000000000                                                                                                                             
75699999         000001000008000000                                                                                                                                                                                                             
