75600000         229492820000120                    05631000000200873060ANEXA IDIOMAS LTDA            SICOOB                                  22201202509214600118908500000                                                                     
75600011T01  043 2029492820000120          563100002405631000000200873060ANEXA IDIOMAS LTDA                                                                                            000000002201202500000000                                 
7560001300001T 0605631000000200873060000029250901011     141934204300000020012025000000000028300033044330                         091000026257486807ELIANA SOUSA DE OLIVEIRA                00000000000000000000003500000000004                 
7560001300002U 060000000000005750000000000000000000000000000000000000000000000000000000288750000000000288750000000000000000000000000000002101202521012025    00000000000000000000000                       815594075600000000000000000000       
7560001300003T 0605631000000200873060000029316001011     139395130700000025012025000000000023203623000010                         091000014930017874MARCOS DONIZETE DOS SANTOS              00000000000000000000003500000000004                 
7560001300004U 060000000000000000000000000000000000000000000000000000000000000000000000232030000000000232030000000000000000000000000000002101202521012025    00000000000000000000000                       815555275600000000000000000000       
75600015         00000600000200000000000051503000000000000000000000000000000000000000000000000000000000000000000000                                                                                                                             
75699999         000001000008000000                                                                                                                                                                                                             
