75600000         229492820000120                    05631000000200873060ANEXA IDIOMAS LTDA            SICOOB                                  21701202509014400118708500000                                                                     
75600011T01  043 2029492820000120          563100002405631000000200873060ANEXA IDIOMAS LTDA                                                                                            000000001701202500000000                                 
7560001300001T 0605631000000200873060000029156001011     141763203100000015012025000000000022200104030040                         091000056970711838MARCELA ROBERTA DE ALMEIDA SILVA        00000000000000000000003500000000004                 
7560001300002U 060000000000004510000000000000000000000000000000000000000000000000000000226510000000000226510000000000000000000000000000001601202516012025    00000000000000000000000                       814368275600000000000000000000       
7560001300003T 0605631000000200873060000029317701011     141219197000000030012025000000000030000341082550                         091000000879236884RAQUEL DIAS RAMALHO                     00000000000000000000003500000000004                 
7560001300004U 060000000000000000000000000000000000000000000000000000000000000000000000300000000000000300000000000000000000000000000000001601202516012025    00000000000000000000000                       814389875600000000000000000000       
75600015         00000600000200000000000052200000000000000000000000000000000000000000000000000000000000000000000000                                                                                                                             
75699999         000001000008000000                                                                                                                                                                                                             
