75600000         229492820000120                    05631000000200873060ANEXA IDIOMAS LTDA            SICOOB                                  22106202409031000107908500000                                                                     
75600011T01  043 2029492820000120          563100002405631000000200873060ANEXA IDIOMAS LTDA                                                                                            000000002106202400000000                                 
7560001300001T 0605631000000200873060000026926701011     141124200000000020062024000000000035200033020620                         091000032243380838NADLA ARAUJO DA SILVA                   00000000000000000000003500000000004                 
7560001300002U 060000000000000000000000000000000000000000000000000000000000000000000000352000000000000352000000000000000000000000000000002006202420062024    00000000000000000000000                       759502275600000000000000000000       
7560001300003T 0605631000000200873060000026996201011     140590900000000020062024000000000312145341010170                         092060687639000119PLURY QUIMICAS                          00000000000000000000003500000000004                 
7560001300004U 060000000000000000000000000000000000000000000000000000000000000000000003121450000000003121450000000000000000000000000000002006202420062024    00000000000000000000000                       759510075600000000000000000000       
7560001300005T 0605631000000200873060000027047401011     139112186700000020062024000000000028970341071660                         091000032654262898DIEGO CESAR DE PAULA                    00000000000000000000003500000000004                 
7560001300006U 060000000000000000000000000000000000000000000000000000000000000000000000289700000000000289700000000000000000000000000000002006202420062024    00000000000000000000000                       759351975600000000000000000000       
7560001300007T 0605631000000200873060000027053901011     139388130700000025062024000000000023203104003460                         091000014930017874MARCOS DONIZETE DOS SANTOS              00000000000000000000003500000000004                 
7560001300008U 060000000000000000000000000000000000000000000000000000000000000000000000232030000000000232030000000000000000000000000000002006202420062024    00000000000000000000000                       759487375600000000000000000000       
7560001300009T 0605631000000200873060000027060001011     141595171900000020062024000000000022360033047230                         091000020533601860LUCIANA CARVALHO                        00000000000000000000003500000000004                 
7560001300010U 060000000000000000000000000000000000000000000000000000000000000000000000223600000000000223600000000000000000000000000000002006202420062024    00000000000000000000000                       759506575600000000000000000000       
7560001300011T 0605631000000200873060000027109601011     141212197000000030062024000000000030000341082550                         091000000879236884RAQUEL DIAS RAMALHO                     00000000000000000000003500000000004                 
7560001300012U 060000000000000000000000000000000000000000000000000000000000000000000000300000000000000300000000000000000000000000000000002006202420062024    00000000000000000000000                       759353075600000000000000000000       
75600015         00001400000600000000000451878000000000000000000000000000000000000000000000000000000000000000000000                                                                                                                             
75699999         000001000016000000                                                                                                                                                                                                             
