75600000         229492820000120                    05631000000200873060ANEXA IDIOMAS LTDA            SICOOB                                  20502202512023400119508500000                                                                     
75600011T01  043 2029492820000120          563100002405631000000200873060ANEXA IDIOMAS LTDA                                                                                            000000000502202500000000                                 
7560001300001T 0605631000000200873060000029427201011     140825139100000010022025000000000060674260000010                         091000035044873802LUCAS DA PAZ PEDRO                      00000000000000000000003500000000004                 
7560001300002U 060000000000000000000000000000000000000000000000000000000000000000000000606740000000000606740000000000000000000000000000000402202504022025    00000000000000000000000                       818377475600000000000000000000       
7560001300003T 0605631000000200873060000029431201011     143402207600000010022025000000000039326260000010                         091000036044850889MARIANA ROCHA REGO                      00000000000000000000003500000000004                 
7560001300004U 060000000000000000000000000000000000000000000000000000000000000000000000393260000000000393260000000000000000000000000000000402202504022025    00000000000000000000000                       818377675600000000000000000000       
7560001300005T 0605631000000200873060000029432001011     142233205100000010022025000000000022000104033000                         091000028110782825CRISTIANE DOS SANTOS                    00000000000000000000003500000000004                 
7560001300006U 060000000000000000000000000000000000000000000000000000000000000000000000220000000000000220000000000000000000000000000000000402202504022025    00000000000000000000000                       818415775600000000000000000000       
75600015         00000800000300000000000122000000000000000000000000000000000000000000000000000000000000000000000000                                                                                                                             
75699999         000001000010000000                                                                                                                                                                                                             
