75600000         219895217000135                    05631000000200644540IWS CURSOS DE IDIOMAS LTDA    SICOOB                                  20708202409245700136708500000                                                                     
75600011T01  043 2019895217000135          563100002405631000000200644540IWS CURSOS DE IDIOMAS LTDA                                                                                    000000000708202400000000                                 
7560001300001T 0605631000000200644540000027471101011     139736184200000010082024000000000028302260000010                         091000040323474845CHRISTOPHER PAULO CRUZ                  00000000000000000000003500000000004                 
7560001300002U 060000000000000000000000000000000000000000000000000000000000000000000000283020000000000283020000000000000000000000000000000608202406082024    00000000000000000000000                       770852975600000000000000000000       
7560001300003T 0605631000000200644540000027484701011     137962178400000010082024000000000021200104040770                         091000025385360813BENEDITA BISPO DA HORA                  00000000000000000000003500000000004                 
7560001300004U 060000000000000000000000000000000000000000000000000000000000000000000000212000000000000212000000000000000000000000000000000608202406082024    00000000000000000000000                       770756975600000000000000000000       
7560001300005T 0605631000000200644540000027546901011     143477208400000010082024000000000038720341040880                         091000015095382830CRISTINA MAKIKO SAITO HIRANO            00000000000000000000003500000000004                 
7560001300006U 060000000000000000000000000000000000000000000000000000000000000000000000387200000000000387200000000000000000000000000000000608202406082024    00000000000000000000000                       770922275600000000000000000000       
7560001300007T 0605631000000200644540000027622401011     143548138800000006082024000000000045000104030410                         091000027156202847DEBORA FERREIRA TRINDADE                00000000000000000000003500000000004                 
7560001300008U 060000000000000000000000000000000000000000000000000000000000000000000000450000000000000450000000000000000000000000000000000608202406082024    00000000000000000000000                       770898675600000000000000000000       
75600015         00001000000400000000000133222000000000000000000000000000000000000000000000000000000000000000000000                                                                                                                             
75699999         000001000012000000                                                                                                                                                                                                             
