75600000         229492820000120              40352605631000000200873060ANEXA IDIOMAS LTDA            SICOOB                                  21206202408233700107408500000                                                                     
75600011T01  043 2029492820000120          563100002405631000000200873060ANEXA IDIOMAS LTDA                                                                                            000000001206202400000000                                 
7560001300001T 0605631000000200873060000026974001011     142074152900000016062024000000000029150260000010                         091000028645823845EDNALVA RITA BEZERRA                    00000000000000000000003500000000004                 
7560001300002U 060000000000000000000000000000000000000000000000000000000000000000000000291500000000000291500000000000000000000000000000001106202411062024    00000000000000000000000                       756991275600000000000000000000       
75600015         00000400000100000000000029150000000000000000000000000000000000000000000000000000000000000000000000                                                                                                                             
75699999         000001000006000000                                                                                                                                                                                                             
