75600000         229492820000120                    05631000000200873060ANEXA IDIOMAS LTDA            SICOOB                                  22211202410012400115908500000                                                                     
75600011T01  043 2029492820000120          563100002405631000000200873060ANEXA IDIOMAS LTDA                                                                                            000000002211202400000000                                 
7560001300001T 0605631000000200873060000028564801011     140595900000000020112024000000000276058341010170                         092060687639000119PLURY QUIMICAS                          00000000000000000000003500000000004                 
7560001300002U 060000000000000000000000000000000000000000000000000000000000000000000002760580000000002760580000000000000000000000000000002111202421112024    00000000000000000000000                       799086375600000000000000000000       
7560001300003T 0605631000000200873060000028650701011     139117186700000020112024000000000028970341071660                         091000032654262898DIEGO CESAR DE PAULA                    00000000000000000000003500000000004                 
7560001300004U 060000000000000000000000000000000000000000000000000000000000000000000000289700000000000289700000000000000000000000000000002111202421112024    00000000000000000000000                       799096175600000000000000000000       
7560001300005T 0605631000000200873060000028651401011     144127186700000020112024000000000003000341071660                         091000032654262898DIEGO CESAR DE PAULA                    00000000000000000000003500000000004                 
7560001300006U 060000000000000000000000000000000000000000000000000000000000000000000000030000000000000030000000000000000000000000000000002111202421112024    00000000000000000000000                       799131775600000000000000000000       
7560001300007T 0605631000000200873060000028653901011     139883189100000020112024000000000033920341007570                         091000036517885803FERNANDO HENRIQUE CESTO ASCENSO         00000000000000000000003500000000004                 
7560001300008U 060000000000000000000000000000000000000000000000000000000000000000000000339200000000000339200000000000000000000000000000002111202421112024    00000000000000000000000                       799085375600000000000000000000       
7560001300009T 0605631000000200873060000028654601011     139369129800000020112024000000000017490341005590                         091000014026905845SOLANGE APARECIDA GRANGEIRO DE SOUZA    00000000000000000000003500000000004                 
7560001300010U 060000000000000000000000000000000000000000000000000000000000000000000000174900000000000174900000000000000000000000000000002111202421112024    00000000000000000000000                       798868075600000000000000000000       
7560001300011T 0605631000000200873060000028656001011     141129200000000020112024000000000035200033020620                         091000032243380838NADLA ARAUJO DA SILVA                   00000000000000000000003500000000004                 
7560001300012U 060000000000000000000000000000000000000000000000000000000000000000000000352000000000000352000000000000000000000000000000002111202421112024    00000000000000000000000                       798859475600000000000000000000       
7560001300013T 0605631000000200873060000028658501011     141600171900000020112024000000000022360033047230                         091000020533601860LUCIANA CARVALHO                        00000000000000000000003500000000004                 
7560001300014U 060000000000000000000000000000000000000000000000000000000000000000000000223600000000000223600000000000000000000000000000002111202421112024    00000000000000000000000                       799080975600000000000000000000       
7560001300015T 0605631000000200873060000028720801011     139393130700000025112024000000000023203623000010                         091000014930017874MARCOS DONIZETE DOS SANTOS              00000000000000000000003500000000004                 
7560001300016U 060000000000000000000000000000000000000000000000000000000000000000000000232030000000000232030000000000000000000000000000002111202421112024    00000000000000000000000                       799102875600000000000000000000       
75600015         00001800000800000000000440201000000000000000000000000000000000000000000000000000000000000000000000                                                                                                                             
75699999         000001000020000000                                                                                                                                                                                                             
