75600000         219895217000135                    05631000000200644540IWS CURSOS DE IDIOMAS LTDA    SICOOB                                  22001202510014400146708500000                                                                     
75600011T01  043 2019895217000135          563100002405631000000200644540IWS CURSOS DE IDIOMAS LTDA                                                                                    000000002001202500000000                                 
7560001300001T 0905631000000200644540000027310001011     137889116300000020072024000000000031482756056310                         091000047950320842ANA CLARA DE SOUZA RODRIGUES            00000000000000000000003500000000013                 
7560001300002U 090000000000000000000000000000000000000000000000000000000000000000000000000000000000000000000000000000000000000000000000001701202517012025    00000000000000000000000                       814839675600000000000000000000       
7560001300003T 0905631000000200644540000027311801011     140442198300000020072024000000000025000756056310                         091000044504887843CAMILA SILVA BARCELOS                   00000000000000000000003500000000013                 
7560001300004U 090000000000000000000000000000000000000000000000000000000000000000000000000000000000000000000000000000000000000000000000001701202517012025    00000000000000000000000                       814839775600000000000000000000       
7560001300005T 0905631000000200644540000027312501011     141259201500000020072024000000000019900756056310                         091000018352738828SILVIA CRISTINA DE SOUZA                00000000000000000000003500000000013                 
7560001300006U 090000000000000000000000000000000000000000000000000000000000000000000000000000000000000000000000000000000000000000000000001701202517012025    00000000000000000000000                       814839875600000000000000000000       
7560001300007T 0905631000000200644540000027313201011     142498184300000020072024000000000023720756056310                         091000021895277833ERIC HENRIQUE VASCONCELLOS SANTOS       00000000000000000000003500000000013                 
7560001300008U 090000000000000000000000000000000000000000000000000000000000000000000000000000000000000000000000000000000000000000000000001701202517012025    00000000000000000000000                       814839975600000000000000000000       
7560001300009T 0905631000000200644540000027316401011     137419155800000020072024000000000029150756056310                         091000029368330867FABIO JURCZYSZYN                        00000000000000000000003500000000013                 
7560001300010U 090000000000000000000000000000000000000000000000000000000000000000000000000000000000000000000000000000000000000000000000001701202517012025    00000000000000000000000                       814840075600000000000000000000       
7560001300011T 0905631000000200644540000027317101011     142495184700000020072024000000000025176756056310                         091000021895277833ERIC HENRIQUE VASCONCELLOS SANTOS       00000000000000000000003500000000013                 
7560001300012U 090000000000000000000000000000000000000000000000000000000000000000000000000000000000000000000000000000000000000000000000001701202517012025    00000000000000000000000                       814840175600000000000000000000       
7560001300013T 0905631000000200644540000027318901011     140011147600000020072024000000000031500756056310                         091000043062398884KARINE ARAUJO DOS ANJOS                 00000000000000000000003500000000013                 
7560001300014U 090000000000000000000000000000000000000000000000000000000000000000000000000000000000000000000000000000000000000000000000001701202517012025    00000000000000000000000                       814840275600000000000000000000       
7560001300015T 0905631000000200644540000027319601011     141625202200000020072024000000000025000756056310                         091000038692878880LAIS NATACHA DE ARAUJO FUJITA           00000000000000000000003500000000013                 
7560001300016U 090000000000000000000000000000000000000000000000000000000000000000000000000000000000000000000000000000000000000000000000001701202517012025    00000000000000000000000                       814840375600000000000000000000       
7560001300017T 0905631000000200644540000027320401011     139329322000000020072024000000000026500756056310                         091000037621716886LAYS MELO DE OLIVEIRA                   00000000000000000000003500000000013                 
7560001300018U 090000000000000000000000000000000000000000000000000000000000000000000000000000000000000000000000000000000000000000000000001701202517012025    00000000000000000000000                       814840475600000000000000000000       
7560001300019T 0905631000000200644540000027325001011     140984376000000020072024000000000025000756056310                         091000031073432858MARIA ISABEL OLIVEIRA HAYASHI           00000000000000000000003500000000013                 
7560001300020U 090000000000000000000000000000000000000000000000000000000000000000000000000000000000000000000000000000000000000000000000001701202517012025    00000000000000000000000                       814840575600000000000000000000       
7560001300021T 0905631000000200644540000027326801011     142993376000000020072024000000000005000756056310                         091000031073432858MARIA ISABEL OLIVEIRA HAYASHI           00000000000000000000003500000000013                 
7560001300022U 090000000000000000000000000000000000000000000000000000000000000000000000000000000000000000000000000000000000000000000000001701202517012025    00000000000000000000000                       814840675600000000000000000000       
7560001300023T 0905631000000200644540000027328201011     138548572000000020072024000000000037100756056310                         091000026425715804WALQUIRIA BATISTA DA SILVA              00000000000000000000003500000000013                 
7560001300024U 090000000000000000000000000000000000000000000000000000000000000000000000000000000000000000000000000000000000000000000000001701202517012025    00000000000000000000000                       814840775600000000000000000000       
7560001300025T 0905631000000200644540000027329001011     138825132000000020072024000000000037100756056310                         091000014040948068HELOISA HELENA MONTEIRO KROMBERG        00000000000000000000003500000000013                 
7560001300026U 090000000000000000000000000000000000000000000000000000000000000000000000000000000000000000000000000000000000000000000000001701202517012025    00000000000000000000000                       814840875600000000000000000000       
7560001300027T 0905631000000200644540000027384501011     143383195900000020072024000000000015000756056310                         091000027789099825DANIELA COLAPIETRO RODRIGUES            00000000000000000000003500000000013                 
7560001300028U 090000000000000000000000000000000000000000000000000000000000000000000000000000000000000000000000000000000000000000000000001701202517012025    00000000000000000000000                       814840975600000000000000000000       
7560001300029T 0605631000000200644540000029230401011     139849189400000020012025000000000025440033010360                         091000032198572800EVANDRO CARDOSO SOUZA                   00000000000000000000003500000000004                 
7560001300030U 060000000000000000000000000000000000000000000000000000000000000000000000254400000000000254400000000000000000000000000000001701202517012025    00000000000000000000000                       814789875600000000000000000000       
7560001300031T 0605631000000200644540000029231101011     139861189400000020012025000000000025440033010360                         091000032198572800EVANDRO CARDOSO SOUZA                   00000000000000000000003500000000004                 
7560001300032U 060000000000000000000000000000000000000000000000000000000000000000000000254400000000000254400000000000000000000000000000001701202517012025    00000000000000000000000                       814816275600000000000000000000       
7560001300033T 0605631000000200644540000029336001011     146115129900000017012025000000000085000033007280                         091000028789640802MONALIZA MARIA ALVES                    00000000000000000000003500000000004                 
7560001300034U 060000000000000000000000000000000000000000000000000000000000000000000000850000000000000850000000000000000000000000000000001701202517012025    00000000000000000000000                       814712675600000000000000000000       
75600015         00003600001700000000000492508000000000000000000000000000000000000000000000000000000000000000000000                                                                                                                             
75699999         000001000038000000                                                                                                                                                                                                             
