75600000         232970660000191                    05631000000200980140EDUULMC CURSOS DE IDIOMAS LTDASICOOB                                  22312202419573200094608500000                                                                     
75600011T01  043 2032970660000191          563100002405631000000200980140EDUULMC CURSOS DE IDIOMAS LTDA                                                                                000000002312202400000000                                 
7560001300001T 0605631000000200980140000029007001011     139094158400000020122024000000000023203033010360                         091000043877622844DANIELLE AQUINO GASPAR                  00000000000000000000003500000000004                 
7560001300002U 060000000000000000000000000000000000000000000000000000000000000000000000232030000000000232030000000000000000000000000000002012202420122024    00000000000000000000000                       807551575600000000000000000000       
7560001300003T 0605631000000200980140000029011001011     142306205500000025122024000000000070000237023800                         091000023105369899PABLO ALBERTO ALBANO                    00000000000000000000003500000000004                 
7560001300004U 060000000000000000000000000000000000000000000000000000000000000000000000700000000000000700000000000000000000000000000000002012202420122024    00000000000000000000000                       807497775600000000000000000000       
7560001300005T 0605631000000200980140000029013501011     139226293000000020122024000000000065296001069140                         091000003696482854NADIR FRANCISCO DO AMARAL               00000000000000000000003500000000004                 
7560001300006U 060000000000000000000000000000000000000000000000000000000000000000000000652960000000000652960000000000000000000000000000002012202420122024    00000000000000000000000                       807485675600000000000000000000       
7560001300007T 0605631000000200980140000029032501011     140955191200000030122024000000000033920237006570                         091000020272815845ALEX SANDRO CHELA                       00000000000000000000000000000000004                 
7560001300008U 060000000000000000000000000000000000000000000000000000000000000000000000339200000000000339200000000000000000000000000000002312202423122024    00000000000000000000000                       807863575600000000000000000000       
7560001300009T 0605631000000200980140000029212101011     141042310000000005012025000000000133650341000720                         092061139622000190LILLA                                   00000000000000000000003500000000004                 
7560001300010U 060000000000000000000000000000000000000000000000000000000000000000000001336500000000001336500000000000000000000000000000002012202420122024    00000000000000000000000                       807699475600000000000000000000       
75600015         00001200000500000000000326069000000000000000000000000000000000000000000000000000000000000000000000                                                                                                                             
75699999         000001000014000000                                                                                                                                                                                                             
