75600000         232970660000191                    05631000000200980140EDUULMC CURSOS DE IDIOMAS LTDASICOOB                                  20508202409015300088208500000                                                                     
75600011T01  043 2032970660000191          563100002405631000000200980140EDUULMC CURSOS DE IDIOMAS LTDA                                                                                000000000508202400000000                                 
7560001300001T 0605631000000200980140000027464001011     140879549000000005082024000000000020693001035590                         091000022777304831THAIS DA SILVA BARBOSA                  00000000000000000000003500000000004                 
7560001300002U 060000000000000000000000000000000000000000000000000000000000000000000000206930000000000206930000000000000000000000000000000208202402082024    00000000000000000000000                       769971375600000000000000000000       
7560001300003T 0605631000000200980140000027526101011     138994183300000010082024000000000033920341037670                         091000034222814873ADELE JANDIRA HAIDAR PERUCHE            00000000000000000000003500000000004                 
7560001300004U 060000000000000000000000000000000000000000000000000000000000000000000000339200000000000339200000000000000000000000000000000208202402082024    00000000000000000000000                       769881475600000000000000000000       
75600015         00000600000200000000000054613000000000000000000000000000000000000000000000000000000000000000000000                                                                                                                             
75699999         000001000008000000                                                                                                                                                                                                             
