75600000         229492820000120                    05631000000200873060ANEXA IDIOMAS LTDA            SICOOB                                  21912202411250900117208500000                                                                     
75600011T01  043 2029492820000120          563100002405631000000200873060ANEXA IDIOMAS LTDA                                                                                            000000001912202400000000                                 
7560001300001T 0905631000000200873060000027045001011     142196205000000020062024000000000027530756056310                         091000031509949852VANDERLEIA ROSA DE SOUZA ANDRADE        00000000000000000000003500000000013                 
7560001300002U 090000000000000000000000000000000000000000000000000000000000000000000000000000000000000000000000000000000000000000000000001812202418122024    00000000000000000000000                       807150175600000000000000000000       
7560001300003T 0905631000000200873060000027048101011     141162201000000020062024000000000018800756056310                         091000045097684869LUANA DA SILVA RODRIGUES                00000000000000000000003500000000013                 
7560001300004U 090000000000000000000000000000000000000000000000000000000000000000000000000000000000000000000000000000000000000000000000001812202418122024    00000000000000000000000                       807149075600000000000000000000       
7560001300005T 0905631000000200873060000027050701011     139878189100000020062024000000000033920756056310                         091000036517885803FERNANDO HENRIQUE CESTO ASCENSO         00000000000000000000003500000000013                 
7560001300006U 090000000000000000000000000000000000000000000000000000000000000000000000000000000000000000000000000000000000000000000000001812202418122024    00000000000000000000000                       807149175600000000000000000000       
7560001300007T 0905631000000200873060000027051401011     139364129800000020062024000000000017490756056310                         091000014026905845SOLANGE APARECIDA GRANGEIRO DE SOUZA    00000000000000000000003500000000013                 
7560001300008U 090000000000000000000000000000000000000000000000000000000000000000000000000000000000000000000000000000000000000000000000001812202418122024    00000000000000000000000                       807149275600000000000000000000       
7560001300009T 0905631000000200873060000027055301011     142340205800000020062024000000000005000756056310                         091000046586007810NICOLE DOS SANTOS                       00000000000000000000003500000000013                 
7560001300010U 090000000000000000000000000000000000000000000000000000000000000000000000000000000000000000000000000000000000000000000000001812202418122024    00000000000000000000000                       807149375600000000000000000000       
7560001300011T 0905631000000200873060000027056001011     142184204600000020062024000000000025470756056310                         091000031509949852VANDERLEIA ROSA DE SOUZA ANDRADE        00000000000000000000003500000000013                 
7560001300012U 090000000000000000000000000000000000000000000000000000000000000000000000000000000000000000000000000000000000000000000000001812202418122024    00000000000000000000000                       807149475600000000000000000000       
7560001300013T 0905631000000200873060000027057801011     142249204600000020062024000000000006000756056310                         091000031509949852VANDERLEIA ROSA DE SOUZA ANDRADE        00000000000000000000003500000000013                 
7560001300014U 090000000000000000000000000000000000000000000000000000000000000000000000000000000000000000000000000000000000000000000000001812202418122024    00000000000000000000000                       807149575600000000000000000000       
7560001300015T 0605631000000200873060000029157801011     140764163200000016012025000000000022360341002630                         091000026421529879RENATA CRISTINA SOLHA PEREZ             00000000000000000000003500000000004                 
7560001300016U 060000000000000000000000000000000000000000000000000000000000000000000000223600000000000223600000000000000000000000000000001812202418122024    00000000000000000000000                       807123475600000000000000000000       
7560001300017T 0605631000000200873060000029180801011     141086200600000015012025000000000022000341070550                         091000017121273810MARCIA CASTRO OLIVEIRA                  00000000000000000000003500000000004                 
7560001300018U 060000000000000000000000000000000000000000000000000000000000000000000000220000000000000220000000000000000000000000000000001812202418122024    00000000000000000000000                       806863675600000000000000000000       
75600015         00002000000900000000000178570000000000000000000000000000000000000000000000000000000000000000000000                                                                                                                             
75699999         000001000022000000                                                                                                                                                                                                             
