75600000         229492820000120                    05631000000200873060ANEXA IDIOMAS LTDA            SICOOB                                  21102202509014300119808500000                                                                     
75600011T01  043 2029492820000120          563100002405631000000200873060ANEXA IDIOMAS LTDA                                                                                            000000001102202500000000                                 
7560001300001T 0605631000000200873060000029417901011     141909204100000010022025000000000022880237001120                         091000082872864849AIDE BRITO DE DEUS OLIVEIRA             00000000000000000000003500000000004                 
7560001300002U 060000000000000000000000000000000000000000000000000000000000000000000000228800000000000228800000000000000000000000000000001002202510022025    00000000000000000000000                       820127375600000000000000000000       
7560001300003T 0605631000000200873060000029418601011     144698182900000010022025000000000022360341007880                         091000010645957828ROSANA BOSON CONCEICAO MACEDO           00000000000000000000003500000000004                 
7560001300004U 060000000000000000000000000000000000000000000000000000000000000000000000223600000000000223600000000000000000000000000000001002202510022025    00000000000000000000000                       820196775600000000000000000000       
7560001300005T 0605631000000200873060000029420101011     141986172600000010022025000000000020112033047230                         091000020533601860LUCIANA CARVALHO                        00000000000000000000003500000000004                 
7560001300006U 060000000000000000000000000000000000000000000000000000000000000000000000201120000000000201120000000000000000000000000000001002202510022025    00000000000000000000000                       820112975600000000000000000000       
7560001300007T 0605631000000200873060000029421901011     141922204200000010022025000000000022880341073860                         091000041101415835CAROLINE BRITO DE DEUS OLIVEIRA         00000000000000000000003500000000004                 
7560001300008U 060000000000000000000000000000000000000000000000000000000000000000000000228800000000000228800000000000000000000000000000001002202510022025    00000000000000000000000                       820186475600000000000000000000       
7560001300009T 0605631000000200873060000029422601011     140657190600000010022025000000000028376237013220                         091000044197827814EDUARDO ARENS BENI                      00000000000000000000003500000000004                 
7560001300010U 060000000000000000000000000000000000000000000000000000000000000000000000283760000000000283760000000000000000000000000000001002202510022025    00000000000000000000000                       820742375600000000000000000000       
7560001300011T 0605631000000200873060000029423301011     144878199000000010022025000000000023320237023850                         091000034614329896MANOEL J NETO                           00000000000000000000003500000000004                 
7560001300012U 060000000000000000000000000000000000000000000000000000000000000000000000233200000000000233200000000000000000000000000000001002202510022025    00000000000000000000000                       820123475600000000000000000000       
7560001300013T 0605631000000200873060000029424001011     142763113000000010022025000000000043259033046320                         091000027109212866ALESSANDRA DOURADO MELO                 00000000000000000000003500000000004                 
7560001300014U 060000000000000000000000000000000000000000000000000000000000000000000000432590000000000432590000000000000000000000000000001002202510022025    00000000000000000000000                       820199675600000000000000000000       
7560001300015T 0605631000000200873060000029426501011     144419159000000010022025000000000026700341031300                         091000044355857824LEANDRO DA PAZ PEDRO                    00000000000000000000003500000000004                 
7560001300016U 060000000000000000000000000000000000000000000000000000000000000000000000267000000000000267000000000000000000000000000000001002202510022025    00000000000000000000000                       820817075600000000000000000000       
75600015         00001800000800000000000209887000000000000000000000000000000000000000000000000000000000000000000000                                                                                                                             
75699999         000001000020000000                                                                                                                                                                                                             
