75600000         229492820000120                    05631000000200873060ANEXA IDIOMAS LTDA            SICOOB                                  21110202408432200113708500000                                                                     
75600011T01  043 2029492820000120          563100002405631000000200873060ANEXA IDIOMAS LTDA                                                                                            000000001110202400000000                                 
7560001300001T 0905631000000200873060000026228901011     141060166700000012042024000000000005000756056310                         091000028041743870TATIANE BRUNHARO                        00000000000000000000003500000000013                 
7560001300002U 090000000000000000000000000000000000000000000000000000000000000000000000000000000000000000000000000000000000000000000000001010202410102024    00000000000000000000000                       788615375600000000000000000000       
7560001300003T 0605631000000200873060000028183001011     141905204100000010102024000000000022880237001120                         091000082872864849AIDE BRITO DE DEUS OLIVEIRA             00000000000000000000003500000000004                 
7560001300004U 060000000000000000000000000000000000000000000000000000000000000000000000228800000000000228800000000000000000000000000000001010202410102024    00000000000000000000000                       788291775600000000000000000000       
7560001300005T 0605631000000200873060000028184801011     139008182900000010102024000000000021094341007880                         091000010645957828ROSANA BOSON CONCEICAO MACEDO           00000000000000000000003500000000004                 
7560001300006U 060000000000000000000000000000000000000000000000000000000000000000000000210940000000000210940000000000000000000000000000001010202410102024    00000000000000000000000                       788308875600000000000000000000       
7560001300007T 0605631000000200873060000028186201011     141982172600000010102024000000000020112033047230                         091000020533601860LUCIANA CARVALHO                        00000000000000000000003500000000004                 
7560001300008U 060000000000000000000000000000000000000000000000000000000000000000000000201120000000000201120000000000000000000000000000001010202410102024    00000000000000000000000                       788564475600000000000000000000       
7560001300009T 0605631000000200873060000028188701011     140653190600000010102024000000000028376237013220                         091000044197827814EDUARDO ARENS BENI                      00000000000000000000003500000000004                 
7560001300010U 060000000000000000000000000000000000000000000000000000000000000000000000283760000000000283760000000000000000000000000000001010202410102024    00000000000000000000000                       788335175600000000000000000000       
7560001300011T 0605631000000200873060000028189401011     140532199000000010102024000000000022000237023850                         091000034614329896MANOEL J NETO                           00000000000000000000003500000000004                 
7560001300012U 060000000000000000000000000000000000000000000000000000000000000000000000220000000000000220000000000000000000000000000000001010202410102024    00000000000000000000000                       788296475600000000000000000000       
7560001300013T 0605631000000200873060000028190201011     142759113000000010102024000000000043259033046320                         091000027109212866ALESSANDRA DOURADO MELO                 00000000000000000000003500000000004                 
7560001300014U 060000000000000000000000000000000000000000000000000000000000000000000000432590000000000432590000000000000000000000000000001010202410102024    00000000000000000000000                       788564175600000000000000000000       
7560001300015T 0605631000000200873060000028192701011     138876159000000010102024000000000026700341031300                         091000044355857824LEANDRO DA PAZ PEDRO                    00000000000000000000003500000000004                 
7560001300016U 060000000000000000000000000000000000000000000000000000000000000000000000267000000000000267000000000000000000000000000000001010202410102024    00000000000000000000000                       788652175600000000000000000000       
7560001300017T 0605631000000200873060000028201901011     143436208000000010102024000000000022200341018000                         091000034253088821DRYELLE SOUSA SAMPAIO                   00000000000000000000003500000000004                 
7560001300018U 060000000000000000000000000000000000000000000000000000000000000000000000222000000000000222000000000000000000000000000000001010202410102024    00000000000000000000000                       788569575600000000000000000000       
7560001300019T 0605631000000200873060000028202601011     140893166700000010102024000000000015000260000010                         091000028041743870TATIANE BRUNHARO                        00000000000000000000003500000000004                 
7560001300020U 060000000000000000000000000000000000000000000000000000000000000000000000150000000000000150000000000000000000000000000000001010202410102024    00000000000000000000000                       788230075600000000000000000000       
7560001300021T 0605631000000200873060000028230201011     144181212900000010102024000000000022200237002720                         091000012445645832EDILEUSA RAMOS DA COSTA NONATO          00000000000000000000003500000000004                 
7560001300022U 060000000000000000000000000000000000000000000000000000000000000000000000222000000000000222000000000000000000000000000000001010202410102024    00000000000000000000000                       788588875600000000000000000000       
7560001300023T 0605631000000200873060000028231001011     144193212900000010102024000000000003000237002720                         091000012445645832EDILEUSA RAMOS DA COSTA NONATO          00000000000000000000003500000000004                 
7560001300024U 060000000000000000000000000000000000000000000000000000000000000000000000030000000000000030000000000000000000000000000000001010202410102024    00000000000000000000000                       788713875600000000000000000000       
7560001300025T 0605631000000200873060000028232701011     144145166700000010102024000000000007500260000010                         091000028041743870TATIANE BRUNHARO                        00000000000000000000003500000000004                 
7560001300026U 060000000000000000000000000000000000000000000000000000000000000000000000075000000000000075000000000000000000000000000000001010202410102024    00000000000000000000000                       788231975600000000000000000000       
7560001300027T 0605631000000200873060000028272101011     143066178000000015102024000000000067416033038530                         091000017234413847ALESSANDRA MORAIS DE GRAZIA             00000000000000000000003500000000004                 
7560001300028U 060000000000000000000000000000000000000000000000000000000000000000000000674160000000000674160000000000000000000000000000001010202410102024    00000000000000000000000                       788304475600000000000000000000       
7560001300029T 0605631000000200873060000028278501011     142078152900000016102024000000000029150260000010                         091000028645823845EDNALVA RITA BEZERRA                    00000000000000000000003500000000004                 
7560001300030U 060000000000000000000000000000000000000000000000000000000000000000000000291500000000000291500000000000000000000000000000001010202410102024    00000000000000000000000                       788474475600000000000000000000       
7560001300031T 0605631000000200873060000028286401011     141083200600000015102024000000000022000341070550                         091000017121273810MARCIA CASTRO OLIVEIRA                  00000000000000000000003500000000004                 
7560001300032U 060000000000000000000000000000000000000000000000000000000000000000000000220000000000000220000000000000000000000000000000001010202410102024    00000000000000000000000                       788317675600000000000000000000       
75600015         00003400001600000000000377887000000000000000000000000000000000000000000000000000000000000000000000                                                                                                                             
75699999         000001000036000000                                                                                                                                                                                                             
