75600000         219895217000135                    05631000000200644540IWS CURSOS DE IDIOMAS LTDA    SICOOB                                  22506202409023200134308500000                                                                     
75600011T01  043 2019895217000135          563100002405631000000200644540IWS CURSOS DE IDIOMAS LTDA                                                                                    000000002506202400000000                                 
7560001300001T 0905631000000200644540000025101201011     138493180300000025122023000000000078864756056310                         091000035707793860FRANCINE RAMONEDA NUNES DOS SANTOS      00000000000000000000003500000000013                 
7560001300002U 090000000000000000000000000000000000000000000000000000000000000000000000000000000000000000000000000000000000000000000000002406202424062024    00000000000000000000000                       760020675600000000000000000000       
7560001300003T 0905631000000200644540000025125901011     134297127700000025122023000000000034650756056310                         091000054691277889GABRIEL NOGUEIRA MARTINS ALVARENGA      00000000000000000000003500000000013                 
7560001300004U 090000000000000000000000000000000000000000000000000000000000000000000000000000000000000000000000000000000000000000000000002406202424062024    00000000000000000000000                       760020775600000000000000000000       
7560001300005T 0905631000000200644540000025137701011     136808585000000025122023000000000035652756056310                         091000038978109802YGOR ANDRADE DA CUNHA                   00000000000000000000003500000000013                 
7560001300006U 090000000000000000000000000000000000000000000000000000000000000000000000000000000000000000000000000000000000000000000000002406202424062024    00000000000000000000000                       760020875600000000000000000000       
7560001300007T 0605631000000200644540000026991901011     138617300000000025062024000000000030000341089100                         092008952410000144HOLLYTEC                                00000000000000000000003500000000004                 
7560001300008U 060000000000000000000000000000000000000000000000000000000000000000000000300000000000000300000000000000000000000000000000002406202424062024    00000000000000000000000                       760099175600000000000000000000       
7560001300009T 0605631000000200644540000027015101011     141874942000000025062024000000000065000341040990                         091000015450028865ELISABETE JOIA MINELLI CAMPOS           00000000000000000000003500000000004                 
7560001300010U 060000000000000000000000000000000000000000000000000000000000000000000000650000000000000650000000000000000000000000000000002406202424062024    00000000000000000000000                       759868975600000000000000000000       
7560001300011T 0605631000000200644540000027103501011     139496128200000030062024000000000040810260000010                         091000041725138832ULISSES TIAGO DO NASCIMENTO FIGUEIREDO G00000000000000000000003500000000004                 
7560001300012U 060000000000000000000000000000000000000000000000000000000000000000000000408100000000000408100000000000000000000000000000002406202424062024    00000000000000000000000                       759936375600000000000000000000       
7560001300013T 0605631000000200644540000027138201011     140926102200000005072024000000000032629077000010                         091000043704621854VICTOR TONETTO MARQUES                  00000000000000000000003500000000004                 
7560001300014U 060000000000000000000000000000000000000000000000000000000000000000000000326290000000000326290000000000000000000000000000002406202424062024    00000000000000000000000                       759895575600000000000000000000       
75600015         00001600000700000000000317605000000000000000000000000000000000000000000000000000000000000000000000                                                                                                                             
75699999         000001000018000000                                                                                                                                                                                                             
