75600000         232970660000191                    05631000000200980140EDUULMC CURSOS DE IDIOMAS LTDASICOOB                                  21401202509412300095708500000                                                                     
75600011T01  043 2032970660000191          563100002405631000000200980140EDUULMC CURSOS DE IDIOMAS LTDA                                                                                000000001401202500000000                                 
7560001300001T 0905631000000200980140000027293001011     141112200800000015072024000000000015000756056310                         091000006158174670JOYCE ROBERTA LOPES DIAS                00000000000000000000003500000000013                 
7560001300002U 090000000000000000000000000000000000000000000000000000000000000000000000000000000000000000000000000000000000000000000000001301202513012025    00000000000000000000000                       813292575600000000000000000000       
7560001300003T 0905631000000200980140000027294701011     138712180900000015072024000000000031800756056310                         091000037432422818GABRIELA APARECIDA DE ANDRADE SILVA     00000000000000000000003500000000013                 
7560001300004U 090000000000000000000000000000000000000000000000000000000000000000000000000000000000000000000000000000000000000000000000001301202513012025    00000000000000000000000                       813292675600000000000000000000       
7560001300005T 0905631000000200980140000027298601011     138106193500000015072024000000000032000756056310                         091000043096173877RAIAN CASSEMIRO                         00000000000000000000003500000000013                 
7560001300006U 090000000000000000000000000000000000000000000000000000000000000000000000000000000000000000000000000000000000000000000000001301202513012025    00000000000000000000000                       813292775600000000000000000000       
7560001300007T 0605631000000200980140000029198201011     139359331000000015012025000000000081620237001560                         091000017129471840LISANDRA MARQUES ALISEDA SEDRANI        00000000000000000000003500000000004                 
7560001300008U 060000000000000000000000000000000000000000000000000000000000000000000000816200000000000816200000000000000000000000000000001301202513012025    00000000000000000000000                       812948475600000000000000000000       
7560001300009T 0605631000000200980140000029261201011     139095158400000020012025000000000023203033010360                         091000043877622844DANIELLE AQUINO GASPAR                  00000000000000000000003500000000004                 
7560001300010U 060000000000000000000000000000000000000000000000000000000000000000000000232030000000000232030000000000000000000000000000001301202513012025    00000000000000000000000                       813521175600000000000000000000       
75600015         00001200000500000000000183623000000000000000000000000000000000000000000000000000000000000000000000                                                                                                                             
75699999         000001000014000000                                                                                                                                                                                                             
