75600000         232970660000191                    05631000000200980140EDUULMC CURSOS DE IDIOMAS LTDASICOOB                                  21712202409245100094408500000                                                                     
75600011T01  043 2032970660000191          563100002405631000000200980140EDUULMC CURSOS DE IDIOMAS LTDA                                                                                000000001712202400000000                                 
7560001300001T 0605631000000200980140000029030001011     144299213400000015122024000000000028320341084040                         091000036630642805VITOR SANT ANNA MOREIRA                 00000000000000000000003500000000004                 
7560001300002U 060000000000000000000000000000000000000000000000000000000000000000000000283200000000000283200000000000000000000000000000001612202416122024    00000000000000000000000                       805988475600000000000000000000       
7560001300003T 0605631000000200980140000029190401011     139813151900000005012025000000000033920341093010                         091000016426937827ELISANGELA LOPES CASSOLATO              00000000000000000000003500000000004                 
7560001300004U 060000000000000000000000000000000000000000000000000000000000000000000000339200000000000339200000000000000000000000000000001612202416122024    00000000000000000000000                       806176775600000000000000000000       
75600015         00000600000200000000000062240000000000000000000000000000000000000000000000000000000000000000000000                                                                                                                             
75699999         000001000008000000                                                                                                                                                                                                             
