75600000         219895217000135                    05631000000200644540IWS CURSOS DE IDIOMAS LTDA    SICOOB                                  21009202408030800138908500000                                                                     
75600011T01  043 2019895217000135          563100002405631000000200644540IWS CURSOS DE IDIOMAS LTDA                                                                                    000000001009202400000000                                 
7560001300001T 0905631000000200644540000025802201011     135024400000000010032024000000000030000756056310                         091000039857755836ALINE NUNES DAL SOGLIO GUIDI            00000000000000000000003500000000013                 
7560001300002U 090000000000000000000000000000000000000000000000000000000000000000000000000000000000000000000000000000000000000000000000000909202409092024    00000000000000000000000                       779743775600000000000000000000       
7560001300003T 0905631000000200644540000025803001011     136172169700000010032024000000000029000756056310                         091000028580799864BRUNO LIGUORI PESCE                     00000000000000000000003500000000013                 
7560001300004U 090000000000000000000000000000000000000000000000000000000000000000000000000000000000000000000000000000000000000000000000000909202409092024    00000000000000000000000                       779743875600000000000000000000       
7560001300005T 0905631000000200644540000025806101011     139707183000000010032024000000000028302756056310                         091000032988336814CARLOS HENRIQUE DE OLIVEIRA             00000000000000000000003500000000013                 
7560001300006U 090000000000000000000000000000000000000000000000000000000000000000000000000000000000000000000000000000000000000000000000000909202409092024    00000000000000000000000                       779743975600000000000000000000       
7560001300007T 0905631000000200644540000025822001011     137019264000000010032024000000000023320756056310                         091000026634012857JERRISLEI BENTO NOGUEIRA                00000000000000000000003500000000013                 
7560001300008U 090000000000000000000000000000000000000000000000000000000000000000000000000000000000000000000000000000000000000000000000000909202409092024    00000000000000000000000                       779744075600000000000000000000       
7560001300009T 0905631000000200644540000025823701011     139995162800000010032024000000000040810756056310                         091000039507762817JESSICA BARBOSA DE SOUZA                00000000000000000000003500000000013                 
7560001300010U 090000000000000000000000000000000000000000000000000000000000000000000000000000000000000000000000000000000000000000000000000909202409092024    00000000000000000000000                       779744175600000000000000000000       
7560001300011T 0605631000000200644540000027757301011     139893181000000005092024000000000021200104032780                         091000029619296877DEBORA DO CARMO ALVES DA SILVA          00000000000000000000003500000000004                 
7560001300012U 060000000000004520000000000000000000000000000000000000000000000000000000216520000000000216520000000000000000000000000000000909202409092024    00000000000000000000000                       779610675600000000000000000000       
7560001300013T 0605631000000200644540000027813101011     140145391000000015092024000000000014712341031500                         091000032679656830MAURO AUGUSTO LINO DE ARAUJO            00000000000000000000003500000000004                 
7560001300014U 060000000000000000000000000000000000000000000000000000000000000000000000147120000000000147120000000000000000000000000000000909202409092024    00000000000000000000000                       779586175600000000000000000000       
7560001300015T 0605631000000200644540000027818801011     140465198600000010092024000000000026700001070710                         091000013507076861ALEXANDRE LEAO LUCCHESI                 00000000000000000000003500000000004                 
7560001300016U 060000000000000000000000000000000000000000000000000000000000000000000000267000000000000267000000000000000000000000000000000909202409092024    00000000000000000000000                       779615875600000000000000000000       
7560001300017T 0605631000000200644540000027821001011     143637209700000010092024000000000005000237001540                         091000034482455857CRISTIANE DE JESUS PEREIRA              00000000000000000000003500000000004                 
7560001300018U 060000000000000000000000000000000000000000000000000000000000000000000000050000000000000050000000000000000000000000000000000909202409092024    00000000000000000000000                       779607375600000000000000000000       
7560001300019T 0605631000000200644540000027825001011     139737184200000010092024000000000028302260000010                         091000040323474845CHRISTOPHER PAULO CRUZ                  00000000000000000000003500000000004                 
7560001300020U 060000000000000000000000000000000000000000000000000000000000000000000000283020000000000283020000000000000000000000000000000909202409092024    00000000000000000000000                       779371975600000000000000000000       
7560001300021T 0605631000000200644540000027832101011     143733210600000010092024000000000077440341008200                         091000033922017827EDUARDO LOURENCO SILVA                  00000000000000000000003500000000004                 
7560001300022U 060000000000000000000000000000000000000000000000000000000000000000000000774400000000000774400000000000000000000000000000000909202409092024    00000000000000000000000                       779590175600000000000000000000       
7560001300023T 0605631000000200644540000027836001011     141478169200000010092024000000000024000237012310                         091000011874897867LUIZ ALEXANDRE PROFITTI                 00000000000000000000003500000000004                 
7560001300024U 060000000000000000000000000000000000000000000000000000000000000000000000240000000000000240000000000000000000000000000000000909202409092024    00000000000000000000000                       779605075600000000000000000000       
7560001300025T 0605631000000200644540000027838501011     142053152800000015092024000000000024000237039250                         091000031112058869MARCIA ROSA DE ARRUDA                   00000000000000000000003500000000004                 
7560001300026U 060000000000000000000000000000000000000000000000000000000000000000000000240000000000000240000000000000000000000000000000000909202409092024    00000000000000000000000                       779979975600000000000000000000       
7560001300027T 0605631000000200644540000027843201011     143727210400000010092024000000000005000033000890                         091000035003158874GABRIELA CARVALHO                       00000000000000000000003500000000004                 
7560001300028U 060000000000000000000000000000000000000000000000000000000000000000000000050000000000000050000000000000000000000000000000000909202409092024    00000000000000000000000                       779854775600000000000000000000       
7560001300029T 0605631000000200644540000027845701011     142770256000000010092024000000000039551001067610                         091000007810479865IDERALDO ELMER RIBEIRO                  00000000000000000000003500000000004                 
7560001300030U 060000000000000000000000000000000000000000000000000000000000000000000000395510000000000395510000000000000000000000000000000909202409092024    00000000000000000000000                       779835475600000000000000000000       
7560001300031T 0605631000000200644540000027866101011     141586169000000010092024000000000024000237012310                         091000011874897867LUIZ ALEXANDRE PROFITTI                 00000000000000000000003500000000004                 
7560001300032U 060000000000000000000000000000000000000000000000000000000000000000000000240000000000000240000000000000000000000000000000000909202409092024    00000000000000000000000                       779642175600000000000000000000       
7560001300033T 0605631000000200644540000027877201011     142650140000000010092024000000000028090341006460                         091000048087608860BIANCA OLIVEIRA SILVA                   00000000000000000000003500000000004                 
7560001300034U 060000000000000000000000000000000000000000000000000000000000000000000000280900000000000280900000000000000000000000000000000909202409092024    00000000000000000000000                       779590375600000000000000000000       
7560001300035T 0605631000000200644540000027958401011     143030240000000009092024000000000185235341000460                         092062430194000112BRASPAR                                 00000000000000000000003500000000004                 
7560001300036U 060000000000000000000000000000000000000000000000000000000000000000000001852350000000001852350000000000000000000000000000000909202409092024    00000000000000000000000                       779593575600000000000000000000       
7560001300037T 0605631000000200644540000027964901011     143890211600000010092024000000000007500237005930                         091000039945420810ALANA SANTANA DE SOUZA                  00000000000000000000003500000000004                 
7560001300038U 060000000000000000000000000000000000000000000000000000000000000000000000075000000000000075000000000000000000000000000000000909202409092024    00000000000000000000000                       779605475600000000000000000000       
7560001300039T 0605631000000200644540000027992501011     142806114300000020092024000000000074200341090730                         091000053372620763LILIAN VALERIO MARTELLETO               00000000000000000000003500000000004                 
7560001300040U 060000000000000000000000000000000000000000000000000000000000000000000000742000000000000742000000000000000000000000000000000909202409092024    00000000000000000000000                       779671375600000000000000000000       
75600015         00004200002000000000000736362000000000000000000000000000000000000000000000000000000000000000000000                                                                                                                             
75699999         000001000044000000                                                                                                                                                                                                             
