75600000         229492820000120                    05631000000200873060ANEXA IDIOMAS LTDA            SICOOB                                  21106202409011900107308500000                                                                     
75600011T01  043 2029492820000120          563100002405631000000200873060ANEXA IDIOMAS LTDA                                                                                            000000001106202400000000                                 
7560001300001T 0905631000000200873060000024991801011     136063189200000010122023000000000017900756056310                         091000026577600821ANA PAULA PEREIRA DA SILVA              00000000000000000000003500000000013                 
7560001300002U 090000000000000000000000000000000000000000000000000000000000000000000000000000000000000000000000000000000000000000000000001006202410062024    00000000000000000000000                       756407575600000000000000000000       
7560001300003T 0905631000000200873060000025000001011     138733172900000010122023000000000005500756056310                         091000022128641837CELIA MATOS SILVA                       00000000000000000000003500000000013                 
7560001300004U 090000000000000000000000000000000000000000000000000000000000000000000000000000000000000000000000000000000000000000000000001006202410062024    00000000000000000000000                       756407775600000000000000000000       
7560001300005T 0905631000000200873060000025004001011     134272166800000010122023000000000019140756056310                         091000028041743870TATIANE BRUNHARO                        00000000000000000000003500000000013                 
7560001300006U 090000000000000000000000000000000000000000000000000000000000000000000000000000000000000000000000000000000000000000000000001006202410062024    00000000000000000000000                       756407975600000000000000000000       
7560001300007T 0905631000000200873060000025006401011     134309133200000010122023000000000024200756056310                         091000037261643831GABRIELA RAMOS DOS SANTOS               00000000000000000000003500000000013                 
7560001300008U 090000000000000000000000000000000000000000000000000000000000000000000000000000000000000000000000000000000000000000000000001006202410062024    00000000000000000000000                       756408175600000000000000000000       
7560001300009T 0905631000000200873060000025019001011     138259144800000010122023000000000029150756056310                         091000096218444600PATRICIA ALEXANDRINA DA SILVA MORAIS    00000000000000000000003500000000013                 
7560001300010U 090000000000000000000000000000000000000000000000000000000000000000000000000000000000000000000000000000000000000000000000001006202410062024    00000000000000000000000                       756408375600000000000000000000       
7560001300011T 0905631000000200873060000025020801011     135504184800000010122023000000000026700756056310                         091000016158461822SERGIO APARECIDO DE BARROS SILVA        00000000000000000000003500000000013                 
7560001300012U 090000000000000000000000000000000000000000000000000000000000000000000000000000000000000000000000000000000000000000000000001006202410062024    00000000000000000000000                       756408575600000000000000000000       
7560001300013T 0905631000000200873060000025022201011     135874187800000010122023000000000031620756056310                         091000042915794898MAYARA LUCAS DE OLIVEIRA DUCA           00000000000000000000003500000000013                 
7560001300014U 090000000000000000000000000000000000000000000000000000000000000000000000000000000000000000000000000000000000000000000000001006202410062024    00000000000000000000000                       756408775600000000000000000000       
7560001300015T 0905631000000200873060000025023001011     134537130900000010122023000000000018117756056310                         091000016783525864DOMINIQUE ANTONIA COSTA                 00000000000000000000003500000000013                 
7560001300016U 090000000000000000000000000000000000000000000000000000000000000000000000000000000000000000000000000000000000000000000000001006202410062024    00000000000000000000000                       756408975600000000000000000000       
7560001300017T 0905631000000200873060000025027901011     136866190900000010122023000000000017800756056310                         091000042658157827SABRINA ARILAINE SOUZA OLIVEIRA         00000000000000000000003500000000013                 
7560001300018U 090000000000000000000000000000000000000000000000000000000000000000000000000000000000000000000000000000000000000000000000001006202410062024    00000000000000000000000                       756409175600000000000000000000       
7560001300019T 0905631000000200873060000025029301011     134632166700000010122023000000000019404756056310                         091000028041743870TATIANE BRUNHARO                        00000000000000000000003500000000013                 
7560001300020U 090000000000000000000000000000000000000000000000000000000000000000000000000000000000000000000000000000000000000000000000001006202410062024    00000000000000000000000                       756409375600000000000000000000       
7560001300021T 0905631000000200873060000025030101011     135357123200000010122023000000000020871756056310                         091000012980636800ALEXANDRO SOARES                        00000000000000000000003500000000013                 
7560001300022U 090000000000000000000000000000000000000000000000000000000000000000000000000000000000000000000000000000000000000000000000001006202410062024    00000000000000000000000                       756409575600000000000000000000       
7560001300023T 0605631000000200873060000026047501011     138800946000000010062024000000000024132033035590                         091000008023621840FRANCISCA FERNANDA NICOLAU DE CARVALHO  00000000000000000000003500000000004                 
7560001300024U 060000000000000000000000000000000000000000000000000000000000000000000000241320000000000241320000000000000000000000000000001006202410062024    00000000000000000000000                       756147075600000000000000000000       
7560001300025T 0605631000000200873060000026858001011     141901204100000010062024000000000022880237001120                         091000082872864849AIDE BRITO DE DEUS OLIVEIRA             00000000000000000000003500000000004                 
7560001300026U 060000000000000000000000000000000000000000000000000000000000000000000000228800000000000228800000000000000000000000000000001006202410062024    00000000000000000000000                       755745875600000000000000000000       
7560001300027T 0605631000000200873060000026860601011     139016185100000010062024000000000028832341037500                         091000027245205809ANSELMO DOS SANTOS                      00000000000000000000003500000000004                 
7560001300028U 060000000000000000000000000000000000000000000000000000000000000000000000288320000000000288320000000000000000000000000000001006202410062024    00000000000000000000000                       756056675600000000000000000000       
7560001300029T 0605631000000200873060000026864501011     141978172600000010062024000000000020112033047230                         091000020533601860LUCIANA CARVALHO                        00000000000000000000003500000000004                 
7560001300030U 060000000000000000000000000000000000000000000000000000000000000000000000201120000000000201120000000000000000000000000000001006202410062024    00000000000000000000000                       756422275600000000000000000000       
7560001300031T 0605631000000200873060000026868401011     140649190600000010062024000000000028376237013220                         091000044197827814EDUARDO ARENS BENI                      00000000000000000000003500000000004                 
7560001300032U 060000000000000000000000000000000000000000000000000000000000000000000000283760000000000283760000000000000000000000000000001006202410062024    00000000000000000000000                       756476075600000000000000000000       
7560001300033T 0605631000000200873060000026869101011     137442473000000010062024000000000024363237003950                         091000016773035813VILMA DE OLIVEIRA GALVEZ BARBOSA        00000000000000000000003500000000004                 
7560001300034U 060000000000000000000000000000000000000000000000000000000000000000000000243630000000000243630000000000000000000000000000001006202410062024    00000000000000000000000                       756441275600000000000000000000       
7560001300035T 0605631000000200873060000026870001011     140528199000000010062024000000000022000237023850                         091000034614329896MANOEL J NETO                           00000000000000000000003500000000004                 
7560001300036U 060000000000000000000000000000000000000000000000000000000000000000000000220000000000000220000000000000000000000000000000001006202410062024    00000000000000000000000                       755740375600000000000000000000       
7560001300037T 0605631000000200873060000026871701011     139914133200000010062024000000000024200756043810                         091000037261643831GABRIELA RAMOS DOS SANTOS               00000000000000000000003500000000006                 
7560001300038U 060000000000000000000000000000000000000000000000000000000000000000000000242000000000000242000000000000000000000000000000001006202410062024    00000000000000000000000                       756301075600000000000000000000       
7560001300039T 0605631000000200873060000026872401011     137478113000000010062024000000000040810033046320                         091000027109212866ALESSANDRA DOURADO MELO                 00000000000000000000003500000000004                 
7560001300040U 060000000000000000000000000000000000000000000000000000000000000000000000408100000000000408100000000000000000000000000000001006202410062024    00000000000000000000000                       756421875600000000000000000000       
7560001300041T 0605631000000200873060000026874901011     139244128400000010062024000000000034662341007560                         091000000623528819ANTONIO CARLOS DA SILVA                 00000000000000000000003500000000004                 
7560001300042U 060000000000000000000000000000000000000000000000000000000000000000000000346620000000000346620000000000000000000000000000001006202410062024    00000000000000000000000                       756422475600000000000000000000       
7560001300043T 0605631000000200873060000026879501011     138872159000000010062024000000000015000260000010                         091000044355857824LEANDRO DA PAZ PEDRO                    00000000000000000000003500000000004                 
7560001300044U 060000000000000000000000000000000000000000000000000000000000000000000000150000000000000150000000000000000000000000000000001006202410062024    00000000000000000000000                       756351375600000000000000000000       
7560001300045T 0605631000000200873060000026887401011     142134174300000010062024000000000022360001028970                         091000026203136867IRIS DE SOUZA REIS                      00000000000000000000003500000000004                 
7560001300046U 060000000000000000000000000000000000000000000000000000000000000000000000223600000000000223600000000000000000000000000000001006202410062024    00000000000000000000000                       755760275600000000000000000000       
7560001300047T 0605631000000200873060000026890701011     140889166700000010062024000000000015000104031180                         091000028041743870TATIANE BRUNHARO                        00000000000000000000003500000000004                 
7560001300048U 060000000000000000000000000000000000000000000000000000000000000000000000150000000000000150000000000000000000000000000000001006202410062024    00000000000000000000000                       755748975600000000000000000000       
7560001300049T 0605631000000200873060000026892101011     138032523000000010062024000000000025338033015720                         091000008745532885VANDA UTINO MOREIRA                     00000000000000000000003500000000004                 
7560001300050U 060000000000000000000000000000000000000000000000000000000000000000000000253380000000000253380000000000000000000000000000001006202410062024    00000000000000000000000                       756149975600000000000000000000       
7560001300051T 0605631000000200873060000026968601011     137876178000000015062024000000000063600033038530                         091000017234413847ALESSANDRA MORAIS DE GRAZIA             00000000000000000000003500000000004                 
7560001300052U 060000000000000000000000000000000000000000000000000000000000000000000000636000000000000636000000000000000000000000000000001006202410062024    00000000000000000000000                       756096375600000000000000000000       
7560001300053T 0605631000000200873060000026971901011     138344194600000015062024000000000017900260000010                         091000000580681637VIVIANE DALCIN GARCIA DE OLIVEIRA       00000000000000000000003500000000004                 
7560001300054U 060000000000000000000000000000000000000000000000000000000000000000000000179000000000000179000000000000000000000000000000001006202410062024    00000000000000000000000                       756352275600000000000000000000       
75600015         00005600002700000000000659967000000000000000000000000000000000000000000000000000000000000000000000                                                                                                                             
75699999         000001000058000000                                                                                                                                                                                                             
