75600000         219895217000135                    05631000000200644540IWS CURSOS DE IDIOMAS LTDA    SICOOB                                  21408202409412000137208500000                                                                     
75600011T01  043 2019895217000135          563100002405631000000200644540IWS CURSOS DE IDIOMAS LTDA                                                                                    000000001408202400000000                                 
7560001300001T 0605631000000200644540000027479001011     142403264000000010082024000000000024719033010360                         091000026634012857JERRISLEI BENTO NOGUEIRA                00000000000000000000003500000000004                 
7560001300002U 060000000000005180000000000000000000000000000000000000000000000000000000252370000000000252370000000000000000000000000000001308202413082024    00000000000000000000000                       773192575600000000000000000000       
7560001300003T 0605631000000200644540000027668201011     143646209800000013082024000000000055000341038090                         091000006694524838MARIA LUIZA ARDIZZONE ROSSI             00000000000000000000003500000000004                 
7560001300004U 060000000000000000000000000000000000000000000000000000000000000000000000550000000000000550000000000000000000000000000000001308202413082024    00000000000000000000000                       773310475600000000000000000000       
7560001300005T 0605631000000200644540000027669001011     143658209800000013082024000000000015000341038090                         091000006694524838MARIA LUIZA ARDIZZONE ROSSI             00000000000000000000003500000000004                 
7560001300006U 060000000000000000000000000000000000000000000000000000000000000000000000150000000000000150000000000000000000000000000000001308202413082024    00000000000000000000000                       773338875600000000000000000000       
75600015         00000800000300000000000094719000000000000000000000000000000000000000000000000000000000000000000000                                                                                                                             
75699999         000001000010000000                                                                                                                                                                                                             
