75600000         229492820000120                    05631000000200873060ANEXA IDIOMAS LTDA            SICOOB                                  22009202408031500112808500000                                                                     
75600011T01  043 2029492820000120          563100002405631000000200873060ANEXA IDIOMAS LTDA                                                                                            000000002009202400000000                                 
7560001300001T 0605631000000200873060000027996101011     139115186700000020092024000000000028970341071660                         091000032654262898DIEGO CESAR DE PAULA                    00000000000000000000003500000000004                 
7560001300002U 060000000000000000000000000000000000000000000000000000000000000000000000289700000000000289700000000000000000000000000000001909202419092024    00000000000000000000000                       783070775600000000000000000000       
7560001300003T 0605631000000200873060000028064901011     139391130700000025092024000000000023203104003460                         091000014930017874MARCOS DONIZETE DOS SANTOS              00000000000000000000003500000000004                 
7560001300004U 060000000000000000000000000000000000000000000000000000000000000000000000232030000000000232030000000000000000000000000000001909202419092024    00000000000000000000000                       783047875600000000000000000000       
75600015         00000600000200000000000052173000000000000000000000000000000000000000000000000000000000000000000000                                                                                                                             
75699999         000001000008000000                                                                                                                                                                                                             
