75600000         219895217000135                    05631000000200644540IWS CURSOS DE IDIOMAS LTDA    SICOOB                                  20811202410024000142708500000                                                                     
75600011T01  043 2019895217000135          563100002405631000000200644540IWS CURSOS DE IDIOMAS LTDA                                                                                    000000000811202400000000                                 
7560001300001T 0905631000000200644540000026490201011     140600400000000010052024000000000031800756056310                         091000039857755836ALINE NUNES DAL SOGLIO GUIDI            00000000000000000000003500000000013                 
7560001300002U 090000000000000000000000000000000000000000000000000000000000000000000000000000000000000000000000000000000000000000000000000711202407112024    00000000000000000000000                       795335775600000000000000000000       
7560001300003T 0905631000000200644540000026494101011     139709183000000010052024000000000028302756056310                         091000032988336814CARLOS HENRIQUE DE OLIVEIRA             00000000000000000000003500000000013                 
7560001300004U 090000000000000000000000000000000000000000000000000000000000000000000000000000000000000000000000000000000000000000000000000711202407112024    00000000000000000000000                       795335875600000000000000000000       
7560001300005T 0905631000000200644540000026521601011     137021264000000010052024000000000023320756056310                         091000026634012857JERRISLEI BENTO NOGUEIRA                00000000000000000000003500000000013                 
7560001300006U 090000000000000000000000000000000000000000000000000000000000000000000000000000000000000000000000000000000000000000000000000711202407112024    00000000000000000000000                       795335975600000000000000000000       
7560001300007T 0905631000000200644540000026527001011     140045184500000010052024000000000028302756056310                         091000042564299806LETTICIA POSCHI MOTA                    00000000000000000000003500000000013                 
7560001300008U 090000000000000000000000000000000000000000000000000000000000000000000000000000000000000000000000000000000000000000000000000711202407112024    00000000000000000000000                       795336075600000000000000000000       
7560001300009T 0905631000000200644540000026528701011     142239184500000010052024000000000014000756056310                         091000042564299806LETTICIA POSCHI MOTA                    00000000000000000000003500000000013                 
7560001300010U 090000000000000000000000000000000000000000000000000000000000000000000000000000000000000000000000000000000000000000000000000711202407112024    00000000000000000000000                       795336175600000000000000000000       
7560001300011T 0905631000000200644540000026553101011     138076193400000010052024000000000032000756056310                         091000031689196831ANDREIA APARECIDA LIMA DA CRUZ          00000000000000000000003500000000013                 
7560001300012U 090000000000000000000000000000000000000000000000000000000000000000000000000000000000000000000000000000000000000000000000000711202407112024    00000000000000000000000                       795336275600000000000000000000       
7560001300013T 0905631000000200644540000026554901011     137899143100000010052024000000000040810756056310                         091000017612949890ELISABETH NOGUEIRA MARTINS              00000000000000000000003500000000013                 
7560001300014U 090000000000000000000000000000000000000000000000000000000000000000000000000000000000000000000000000000000000000000000000000711202407112024    00000000000000000000000                       795336375600000000000000000000       
7560001300015T 0905631000000200644540000026563501011     140804137200000010052024000000000028118756056310                         091000044202915836LAIS CREPALDI                           00000000000000000000003500000000013                 
7560001300016U 090000000000000000000000000000000000000000000000000000000000000000000000000000000000000000000000000000000000000000000000000711202407112024    00000000000000000000000                       795336475600000000000000000000       
7560001300017T 0905631000000200644540000026671601011     142354206100000010052024000000000026000756056310                         091000029578120885JULIANA MARIA DE OLIVEIRA               00000000000000000000003500000000013                 
7560001300018U 090000000000000000000000000000000000000000000000000000000000000000000000000000000000000000000000000000000000000000000000000711202407112024    00000000000000000000000                       795336575600000000000000000000       
7560001300019T 0605631000000200644540000028460001011     143505208600000010112024000000000018900001030260                         091000034465431805JACIANE IZIDORIO DE OLIVEIRA SOUZA      00000000000000000000003500000000004                 
7560001300020U 060000000000000000000000000000000000000000000000000000000000000000000000189000000000000189000000000000000000000000000000000711202407112024    00000000000000000000000                       794974175600000000000000000000       
7560001300021T 0605631000000200644540000028486001011     143091143100000010112024000000000043259001058030                         091000017612949890ELISABETH NOGUEIRA MARTINS              00000000000000000000003500000000004                 
7560001300022U 060000000000000000000000000000000000000000000000000000000000000000000000432590000000000432590000000000000000000000000000000711202407112024    00000000000000000000000                       794976875600000000000000000000       
7560001300023T 0605631000000200644540000028487801011     142652140000000010112024000000000028090341006460                         091000048087608860BIANCA OLIVEIRA SILVA                   00000000000000000000003500000000004                 
7560001300024U 060000000000000000000000000000000000000000000000000000000000000000000000280900000000000280900000000000000000000000000000000711202407112024    00000000000000000000000                       794998675600000000000000000000       
7560001300025T 0605631000000200644540000028646001011     142808114300000020112024000000000055650341090730                         091000053372620763LILIAN VALERIO MARTELLETO               00000000000000000000003500000000004                 
7560001300026U 060000000000000000000000000000000000000000000000000000000000000000000000556500000000000556500000000000000000000000000000000711202407112024    00000000000000000000000                       795207075600000000000000000000       
75600015         00002800001300000000000398551000000000000000000000000000000000000000000000000000000000000000000000                                                                                                                             
75699999         000001000030000000                                                                                                                                                                                                             
