75600000         219895217000135                    05631000000200644540IWS CURSOS DE IDIOMAS LTDA    SICOOB                                  22308202408225200137708500000                                                                     
75600011T01  043 2019895217000135          563100002405631000000200644540IWS CURSOS DE IDIOMAS LTDA                                                                                    000000002308202400000000                                 
7560001300001T 0605631000000200644540000027684001011     139560197400000025082024000000000018000104002500                         091000028682214830MARCIA SILVA BONFIM DE SOUZA            00000000000000000000003500000000004                 
7560001300002U 060000000000000000000000000000000000000000000000000000000000000000000000180000000000000180000000000000000000000000000000002208202422082024    00000000000000000000000                       775718175600000000000000000000       
7560001300003T 0605631000000200644540000027691201011     139174181300000025082024000000000018985104002500                         091000028682214830MARCIA SILVA BONFIM DE SOUZA            00000000000000000000003500000000004                 
7560001300004U 060000000000000000000000000000000000000000000000000000000000000000000000189850000000000189850000000000000000000000000000002208202422082024    00000000000000000000000                       775744875600000000000000000000       
7560001300005T 0605631000000200644540000027747001011     143748210700000030082024000000000023000756043400                         091000022943219878CINTIA REGINA DE FREITAS                00000000000000000000003500000000006                 
7560001300006U 060000000000000000000000000000000000000000000000000000000000000000000000230000000000000230000000000000000000000000000000002208202422082024    00000000000000000000000                       775797675600000000000000000000       
7560001300007T 0605631000000200644540000027770001011     140928102200000005092024000000000032629077000010                         091000043704621854VICTOR TONETTO MARQUES                  00000000000000000000003500000000004                 
7560001300008U 060000000000000000000000000000000000000000000000000000000000000000000000326290000000000326290000000000000000000000000000002208202422082024    00000000000000000000000                       775690475600000000000000000000       
75600015         00001000000400000000000092614000000000000000000000000000000000000000000000000000000000000000000000                                                                                                                             
75699999         000001000012000000                                                                                                                                                                                                             
