75600000         232970660000191                    05631000000200980140EDUULMC CURSOS DE IDIOMAS LTDASICOOB                                  22308202408225200089108500000                                                                     
75600011T01  043 2032970660000191          563100002405631000000200980140EDUULMC CURSOS DE IDIOMAS LTDA                                                                                000000002308202400000000                                 
7560001300001T 0605631000000200980140000027783501011     139809151900000005092024000000000033920341093010                         091000016426937827ELISANGELA LOPES CASSOLATO              00000000000000000000003500000000004                 
7560001300002U 060000000000000000000000000000000000000000000000000000000000000000000000339200000000000339200000000000000000000000000000002208202422082024    00000000000000000000000                       775738775600000000000000000000       
75600015         00000400000100000000000033920000000000000000000000000000000000000000000000000000000000000000000000                                                                                                                             
75699999         000001000006000000                                                                                                                                                                                                             
