75600000         232970660000191                    05631000000200980140EDUULMC CURSOS DE IDIOMAS LTDASICOOB                                  20602202509413800096908500000                                                                     
75600011T01  043 2032970660000191          563100002405631000000200980140EDUULMC CURSOS DE IDIOMAS LTDA                                                                                000000000602202500000000                                 
7560001300001T 0605631000000200980140000029442601011     144674183300000010022025000000000035955341037670                         091000034222814873ADELE JANDIRA HAIDAR PERUCHE            00000000000000000000003500000000004                 
7560001300002U 060000000000000000000000000000000000000000000000000000000000000000000000359550000000000359550000000000000000000000000000000502202505022025    00000000000000000000000                       818854475600000000000000000000       
7560001300003T 0605631000000200980140000029443301011     145316215900000010022025000000000049500341064130                         091000041677783869ANDREIA BOTTO                           00000000000000000000003500000000004                 
7560001300004U 060000000000000000000000000000000000000000000000000000000000000000000000495000000000000495000000000000000000000000000000000502202505022025    00000000000000000000000                       818714175600000000000000000000       
75600015         00000600000200000000000085455000000000000000000000000000000000000000000000000000000000000000000000                                                                                                                             
75699999         000001000008000000                                                                                                                                                                                                             
