75600000         229492820000120                    05631000000200873060ANEXA IDIOMAS LTDA            SICOOB                                  22406202410270400108008500000                                                                     
75600011T01  043 2029492820000120          563100002405631000000200873060ANEXA IDIOMAS LTDA                                                                                            000000002406202400000000                                 
7560001300001T 0605631000000200873060000027046701011     138463832000000021062024000000000072758001047760                         091000017042999851AURORA CRISTINA DOMINGOS                00000000000000000000003500000000004                 
7560001300002U 060000000000000000000000000000000000000000000000000000000000000000000000727580000000000727580000000000000000000000000000002106202421062024    00000000000000000000000                       759705975600000000000000000000       
75600015         00000400000100000000000072758000000000000000000000000000000000000000000000000000000000000000000000                                                                                                                             
75699999         000001000006000000                                                                                                                                                                                                             
