75600000         232970660000191                    05631000000200980140EDUULMC CURSOS DE IDIOMAS LTDASICOOB                                  20506202409030000085308500000                                                                     
75600011T01  043 2032970660000191          563100002405631000000200980140EDUULMC CURSOS DE IDIOMAS LTDA                                                                                000000000506202400000000                                 
7560001300001T 0605631000000200980140000026893101011     138992183300000010062024000000000033920341037670                         091000034222814873ADELE JANDIRA HAIDAR PERUCHE            00000000000000000000003500000000004                 
7560001300002U 060000000000000000000000000000000000000000000000000000000000000000000000339200000000000339200000000000000000000000000000000406202404062024    00000000000000000000000                       754408775600000000000000000000       
75600015         00000400000100000000000033920000000000000000000000000000000000000000000000000000000000000000000000                                                                                                                             
75699999         000001000006000000                                                                                                                                                                                                             
