75600000         232970660000191                    05631000000200980140EDUULMC CURSOS DE IDIOMAS LTDASICOOB                                  20512202408225600093708500000                                                                     
75600011T01  043 2032970660000191          563100002405631000000200980140EDUULMC CURSOS DE IDIOMAS LTDA                                                                                000000000512202400000000                                 
7560001300001T 0605631000000200980140000028855001011     140883549000000005122024000000000020693001035590                         091000022777304831THAIS DA SILVA BARBOSA                  00000000000000000000003500000000004                 
7560001300002U 060000000000000000000000000000000000000000000000000000000000000000000000206930000000000206930000000000000000000000000000000412202404122024    00000000000000000000000                       802394075600000000000000000000       
75600015         00000400000100000000000020693000000000000000000000000000000000000000000000000000000000000000000000                                                                                                                             
75699999         000001000006000000                                                                                                                                                                                                             
