75600000         232970660000191                    05631000000200980140EDUULMC CURSOS DE IDIOMAS LTDASICOOB                                  20312202409213700093608500000                                                                     
75600011T01  043 2032970660000191          563100002405631000000200980140EDUULMC CURSOS DE IDIOMAS LTDA                                                                                000000000312202400000000                                 
7560001300001T 0605631000000200980140000028725701011     143690210200000030112024000000000038720341037530                         091000007806315799 LUCIANA RIBEIRO ALVES                  00000000000000000000003500000000004                 
7560001300002U 060000000000000000000000000000000000000000000000000000000000000000000000387200000000000387200000000000000000000000000000000212202402122024    00000000000000000000000                       801603375600000000000000000000       
7560001300003T 0605631000000200980140000028731101011     141146198000000030112024000000000010000033000600                         091000026605186885ARIANA ACQUESTA CANAL                   00000000000000000000003500000000004                 
7560001300004U 060000000000000000000000000000000000000000000000000000000000000000000000100000000000000100000000000000000000000000000000000212202402122024    00000000000000000000000                       801400075600000000000000000000       
7560001300005T 0605631000000200980140000028732901011     144530214800000030112024000000000025000341041000                         091000013167507870LUCIENE DIANA SIQUEIRA                  00000000000000000000003500000000004                 
7560001300006U 060000000000000000000000000000000000000000000000000000000000000000000000250000000000000250000000000000000000000000000000000212202402122024    00000000000000000000000                       801601175600000000000000000000       
7560001300007T 0605631000000200980140000028738201011     140954191200000030112024000000000033920237006570                         091000020272815845ALEX SANDRO CHELA                       00000000000000000000003500000000004                 
7560001300008U 060000000000000000000000000000000000000000000000000000000000000000000000339200000000000339200000000000000000000000000000000212202402122024    00000000000000000000000                       801730975600000000000000000000       
7560001300009T 0605631000000200980140000028838401011     138998183300000010122024000000000033920341037670                         091000034222814873ADELE JANDIRA HAIDAR PERUCHE            00000000000000000000003500000000004                 
7560001300010U 060000000000000000000000000000000000000000000000000000000000000000000000339200000000000339200000000000000000000000000000000212202402122024    00000000000000000000000                       801602375600000000000000000000       
7560001300011T 0605631000000200980140000028839101011     141409170300000010122024000000000022472001068820                         091000033280346843ANSELMO DA SILVA                        00000000000000000000003500000000004                 
7560001300012U 060000000000000000000000000000000000000000000000000000000000000000000000224720000000000224720000000000000000000000000000000212202402122024    00000000000000000000000                       801715675600000000000000000000       
7560001300013T 0605631000000200980140000028844901011     141799203500000010122024000000000021000033009000                         091000014217408854RUTH PEREIRA FILHA SGROIA               00000000000000000000003500000000004                 
7560001300014U 060000000000000000000000000000000000000000000000000000000000000000000000210000000000000210000000000000000000000000000000000212202402122024    00000000000000000000000                       801398875600000000000000000000       
75600015         00001600000700000000000185032000000000000000000000000000000000000000000000000000000000000000000000                                                                                                                             
75699999         000001000018000000                                                                                                                                                                                                             
