75600000         219895217000135                    05631000000200644540IWS CURSOS DE IDIOMAS LTDA    SICOOB                                  20511202408030400142408500000                                                                     
75600011T01  043 2019895217000135          563100002405631000000200644540IWS CURSOS DE IDIOMAS LTDA                                                                                    000000000511202400000000                                 
7560001300001T 0905631000000200644540000026488701011     141045153300000005052024000000000035000756056310                         091000018506198836ALESSANDRA PEREIRA DA SILVA             00000000000000000000003500000000013                 
7560001300002U 090000000000000000000000000000000000000000000000000000000000000000000000000000000000000000000000000000000000000000000000000411202404112024    00000000000000000000000                       793961475600000000000000000000       
7560001300003T 0905631000000200644540000026499801011     139781188000000005052024000000000047700756056310                         091000013428220803EDIVANIA CONCEICAO MEDEIROS DA SILVA    00000000000000000000003500000000013                 
7560001300004U 090000000000000000000000000000000000000000000000000000000000000000000000000000000000000000000000000000000000000000000000000411202404112024    00000000000000000000000                       793961675600000000000000000000       
7560001300005T 0905631000000200644540000026512001011     140720953000000005052024000000000023320756056310                         091000021895277833ERIC HENRIQUE VASCONCELLOS SANTOS       00000000000000000000003500000000013                 
7560001300006U 090000000000000000000000000000000000000000000000000000000000000000000000000000000000000000000000000000000000000000000000000411202404112024    00000000000000000000000                       793961875600000000000000000000       
7560001300007T 0905631000000200644540000026515101011     141198201300000005052024000000000035000756056310                         091000048357994881HENRIQUE ADRIANO DE SOUSA SANTOS        00000000000000000000003500000000013                 
7560001300008U 090000000000000000000000000000000000000000000000000000000000000000000000000000000000000000000000000000000000000000000000000411202404112024    00000000000000000000000                       793962075600000000000000000000       
7560001300009T 0905631000000200644540000026524801011     141623202200000005052024000000000025000756056310                         091000038692878880LAIS NATACHA DE ARAUJO FUJITA           00000000000000000000003500000000013                 
7560001300010U 090000000000000000000000000000000000000000000000000000000000000000000000000000000000000000000000000000000000000000000000000411202404112024    00000000000000000000000                       793962275600000000000000000000       
7560001300011T 0905631000000200644540000026529401011     137947143500000005052024000000000056710756056310                         091000009664163848LILIAN DE FATIMA SILVA                  00000000000000000000003500000000013                 
7560001300012U 090000000000000000000000000000000000000000000000000000000000000000000000000000000000000000000000000000000000000000000000000411202404112024    00000000000000000000000                       793962475600000000000000000000       
7560001300013T 0905631000000200644540000026535901011     137983119800000005052024000000000021200756056310                         091000029939095848DIEGO GOMES                             00000000000000000000003500000000013                 
7560001300014U 090000000000000000000000000000000000000000000000000000000000000000000000000000000000000000000000000000000000000000000000000411202404112024    00000000000000000000000                       793962675600000000000000000000       
7560001300015T 0605631000000200644540000028403001011     143114178600000030102024000000000039326033038780                         091000018874492804DANIELA DE SIQUEIRA AUDRA.              00000000000000000000003500000000004                 
7560001300016U 060000000000008520000000000000000000000000000000000000000000000000000000401780000000000401780000000000000000000000000000000411202404112024    00000000000000000000000                       793842175600000000000000000000       
7560001300017T 0605631000000200644540000028424401011     139141207000000010112024000000000032762001029220                         091000009240151796FABIANA CRISTINA DE OLIVEIRA            00000000000000000000003500000000004                 
7560001300018U 060000000000000000000000000000000000000000000000000000000000000000000000327620000000000327620000000000000000000000000000000411202404112024    00000000000000000000000                       793771775600000000000000000000       
7560001300019T 0605631000000200644540000028425101011     142724733000000005112024000000000032027341065600                         091000002135412899FELICIA DEL GALLO ROCHA                 00000000000000000000003500000000004                 
7560001300020U 060000000000000000000000000000000000000000000000000000000000000000000000320270000000000320270000000000000000000000000000000411202404112024    00000000000000000000000                       793902175600000000000000000000       
7560001300021T 0605631000000200644540000028432301011     141615202100000005112024000000000030000033010360                         091000029247398886ANGELA MARIA DIAS DOS REIS              00000000000000000000003500000000004                 
7560001300022U 060000000000000000000000000000000000000000000000000000000000000000000000300000000000000300000000000000000000000000000000000411202404112024    00000000000000000000000                       793835475600000000000000000000       
7560001300023T 0605631000000200644540000028444101011     139153148600000005112024000000000028334104002720                         091000025313672843FABIOLA GURGEL                          00000000000000000000003500000000004                 
7560001300024U 060000000000000000000000000000000000000000000000000000000000000000000000283340000000000283340000000000000000000000000000000411202404112024    00000000000000000000000                       793783775600000000000000000000       
7560001300025T 0605631000000200644540000028454501011     141504169600000005112024000000000030740104002720                         091000025313672843FABIOLA GURGEL                          00000000000000000000003500000000004                 
7560001300026U 060000000000000000000000000000000000000000000000000000000000000000000000307400000000000307400000000000000000000000000000000411202404112024    00000000000000000000000                       793911175600000000000000000000       
7560001300027T 0605631000000200644540000028472801011     140183420000000005112024000000000028230033039610                         091000011632733846PAULO SERGIO GONCALVES DE OLIVEIRA      00000000000000000000003500000000004                 
7560001300028U 060000000000000000000000000000000000000000000000000000000000000000000000282300000000000282300000000000000000000000000000000411202404112024    00000000000000000000000                       794054375600000000000000000000       
7560001300029T 0605631000000200644540000028483901011     140918151400000010112024000000000022247033001070                         091000004913644823VALQUIRIA DE CASSIA NUNES SOARES        00000000000000000000003500000000004                 
7560001300030U 060000000000000000000000000000000000000000000000000000000000000000000000222470000000000222470000000000000000000000000000000411202404112024    00000000000000000000000                       794046475600000000000000000000       
75600015         00003200001500000000000487596000000000000000000000000000000000000000000000000000000000000000000000                                                                                                                             
75699999         000001000034000000                                                                                                                                                                                                             
