75600000         229492820000120                    05631000000200873060ANEXA IDIOMAS LTDA            SICOOB                                  21109202408423700112408500000                                                                     
75600011T01  043 2029492820000120          563100002405631000000200873060ANEXA IDIOMAS LTDA                                                                                            000000001109202400000000                                 
7560001300001T 0605631000000200873060000027885901011     141904204100000010092024000000000022880237001120                         091000082872864849AIDE BRITO DE DEUS OLIVEIRA             00000000000000000000003500000000004                 
7560001300002U 060000000000000000000000000000000000000000000000000000000000000000000000228800000000000228800000000000000000000000000000001009202410092024    00000000000000000000000                       780688875600000000000000000000       
7560001300003T 0605631000000200873060000027886601011     143065178000000015092024000000000067416033038530                         091000017234413847ALESSANDRA MORAIS DE GRAZIA             00000000000000000000003500000000004                 
7560001300004U 060000000000000000000000000000000000000000000000000000000000000000000000674160000000000674160000000000000000000000000000001009202410092024    00000000000000000000000                       780351275600000000000000000000       
7560001300005T 0605631000000200873060000027888001011     139007182900000010092024000000000021094341007880                         091000010645957828ROSANA BOSON CONCEICAO MACEDO           00000000000000000000003500000000004                 
7560001300006U 060000000000000000000000000000000000000000000000000000000000000000000000210940000000000210940000000000000000000000000000001009202410092024    00000000000000000000000                       780282275600000000000000000000       
7560001300007T 0605631000000200873060000027891301011     142674194600000015092024000000000018974341073860                         091000000580681637VIVIANE DALCIN GARCIA DE OLIVEIRA       00000000000000000000003500000000004                 
7560001300008U 060000000000000000000000000000000000000000000000000000000000000000000000189740000000000189740000000000000000000000000000001009202410092024    00000000000000000000000                       780607375600000000000000000000       
7560001300009T 0605631000000200873060000027892001011     141981172600000010092024000000000020112033047230                         091000020533601860LUCIANA CARVALHO                        00000000000000000000003500000000004                 
7560001300010U 060000000000000000000000000000000000000000000000000000000000000000000000201120000000000201120000000000000000000000000000001009202410092024    00000000000000000000000                       780559675600000000000000000000       
7560001300011T 0605631000000200873060000027895201011     140652190600000010092024000000000028376237013220                         091000044197827814EDUARDO ARENS BENI                      00000000000000000000003500000000004                 
7560001300012U 060000000000000000000000000000000000000000000000000000000000000000000000283760000000000283760000000000000000000000000000001009202410092024    00000000000000000000000                       780657075600000000000000000000       
7560001300013T 0605631000000200873060000027897701011     140531199000000010092024000000000022000237023850                         091000034614329896MANOEL J NETO                           00000000000000000000003500000000004                 
7560001300014U 060000000000000000000000000000000000000000000000000000000000000000000000220000000000000220000000000000000000000000000000001009202410092024    00000000000000000000000                       780659775600000000000000000000       
7560001300015T 0605631000000200873060000027899101011     142758113000000010092024000000000043259033046320                         091000027109212866ALESSANDRA DOURADO MELO                 00000000000000000000003500000000004                 
7560001300016U 060000000000000000000000000000000000000000000000000000000000000000000000432590000000000432590000000000000000000000000000001009202410092024    00000000000000000000000                       780559575600000000000000000000       
7560001300017T 0605631000000200873060000027908301011     138875159000000010092024000000000020000341031300                         091000044355857824LEANDRO DA PAZ PEDRO                    00000000000000000000003500000000004                 
7560001300018U 060000000000000000000000000000000000000000000000000000000000000000000000200000000000000200000000000000000000000000000000001009202410092024    00000000000000000000000                       780601975600000000000000000000       
7560001300019T 0605631000000200873060000027910901011     140820139100000010092024000000000060674260000010                         091000035044873802LUCAS DA PAZ PEDRO                      00000000000000000000003500000000004                 
7560001300020U 060000000000000000000000000000000000000000000000000000000000000000000000606740000000000606740000000000000000000000000000001009202410092024    00000000000000000000000                       780263975600000000000000000000       
7560001300021T 0605631000000200873060000027914801011     143397207600000010092024000000000039326260000010                         091000036044850889MARIANA ROCHA REGO                      00000000000000000000003500000000004                 
7560001300022U 060000000000000000000000000000000000000000000000000000000000000000000000393260000000000393260000000000000000000000000000001009202410092024    00000000000000000000000                       780461175600000000000000000000       
7560001300023T 0605631000000200873060000027921001011     143435208000000010092024000000000022200341018000                         091000034253088821DRYELLE SOUSA SAMPAIO                   00000000000000000000003500000000004                 
7560001300024U 060000000000000000000000000000000000000000000000000000000000000000000000222000000000000222000000000000000000000000000000001009202410092024    00000000000000000000000                       780686575600000000000000000000       
7560001300025T 0605631000000200873060000027923401011     140892166700000010092024000000000015000260000010                         091000028041743870TATIANE BRUNHARO                        00000000000000000000003500000000004                 
7560001300026U 060000000000000000000000000000000000000000000000000000000000000000000000150000000000000150000000000000000000000000000000001009202410092024    00000000000000000000000                       780263375600000000000000000000       
75600015         00002800001300000000000401311000000000000000000000000000000000000000000000000000000000000000000000                                                                                                                             
75699999         000001000030000000                                                                                                                                                                                                             
