75600000         219895217000135                    05631000000200644540IWS CURSOS DE IDIOMAS LTDA    SICOOB                                  22607202408234100135908500000                                                                     
75600011T01  043 2019895217000135          563100002405631000000200644540IWS CURSOS DE IDIOMAS LTDA                                                                                    000000002607202400000000                                 
7560001300001T 0605631000000200644540000027361601011     139413125800000025072024000000000040810341003750                         091000044218123829NATHALIA VIRGINIA GOMES                 00000000000000000000003500000000004                 
7560001300002U 060000000000000000000000000000000000000000000000000000000000000000000000408100000000000408100000000000000000000000000000002507202425072024    00000000000000000000000                       768253075600000000000000000000       
7560001300003T 0605631000000200644540000027363001011     139449125900000025072024000000000037100341070660                         091000041028268823RODRIGO SANTIEGO DA SILVA               00000000000000000000003500000000004                 
7560001300004U 060000000000000000000000000000000000000000000000000000000000000000000000371000000000000371000000000000000000000000000000002507202425072024    00000000000000000000000                       768260375600000000000000000000       
7560001300005T 0605631000000200644540000027430001011     141612202100000005082024000000000030000033010360                         091000029247398886ANGELA MARIA DIAS DOS REIS              00000000000000000000003500000000004                 
7560001300006U 060000000000000000000000000000000000000000000000000000000000000000000000300000000000000300000000000000000000000000000000002507202425072024    00000000000000000000000                       768144675600000000000000000000       
75600015         00000800000300000000000107910000000000000000000000000000000000000000000000000000000000000000000000                                                                                                                             
75699999         000001000010000000                                                                                                                                                                                                             
