75600000         219895217000135                    05631000000200644540IWS CURSOS DE IDIOMAS LTDA    SICOOB                                  20312202409213700143908500000                                                                     
75600011T01  043 2019895217000135          563100002405631000000200644540IWS CURSOS DE IDIOMAS LTDA                                                                                    000000000312202400000000                                 
7560001300001T 0605631000000200644540000028685701011     139105143000000030112024000000000038503341019760                         091000041922650870DEBORA SIQUEIRA DA SILVA                00000000000000000000003500000000004                 
7560001300002U 060000000000000000000000000000000000000000000000000000000000000000000000385030000000000385030000000000000000000000000000000212202402122024    00000000000000000000000                       801789475600000000000000000000       
7560001300003T 0605631000000200644540000028696801011     143841211300000030112024000000000038700001068150                         091000042656568897LAYANA BRITO LIMA                       00000000000000000000003500000000004                 
7560001300004U 060000000000000000000000000000000000000000000000000000000000000000000000387000000000000387000000000000000000000000000000000212202402122024    00000000000000000000000                       801581375600000000000000000000       
7560001300005T 0605631000000200644540000028703501011     142960207100000030112024000000000034320341085760                         091000005628080942RAPHAELA FILIPPETTO                     00000000000000000000003500000000004                 
7560001300006U 060000000000000000000000000000000000000000000000000000000000000000000000343200000000000343200000000000000000000000000000000212202402122024    00000000000000000000000                       801813475600000000000000000000       
7560001300007T 0605631000000200644540000028707401011     139477542000000030112024000000000038503001012670                         091000018743687830TANIA CORREA DA SILVA                   00000000000000000000003500000000004                 
7560001300008U 060000000000000000000000000000000000000000000000000000000000000000000000385030000000000385030000000000000000000000000000000212202402122024    00000000000000000000000                       801706575600000000000000000000       
7560001300009T 0605631000000200644540000028711401011     142091323000000030112024000000000025872341008660                         091000004471029908LEANDRO AUGUSTO CALIXTO                 00000000000000000000003500000000004                 
7560001300010U 060000000000000000000000000000000000000000000000000000000000000000000000258720000000000258720000000000000000000000000000000212202402122024    00000000000000000000000                       801607575600000000000000000000       
7560001300011T 0605631000000200644540000028712101011     143247389000000030112024000000000204016033021460                         091000011588248828MAURICIO MARTINELLI SILVA LUPERI        00000000000000000000003500000000004                 
7560001300012U 060000000000000000000000000000000000000000000000000000000000000000000002040160000000002040160000000000000000000000000000000212202402122024    00000000000000000000000                       801397075600000000000000000000       
7560001300013T 0605631000000200644540000028742201011     139142207000000010122024000000000032762001029220                         091000009240151796FABIANA CRISTINA DE OLIVEIRA            00000000000000000000003500000000004                 
7560001300014U 060000000000000000000000000000000000000000000000000000000000000000000000327620000000000327620000000000000000000000000000000212202402122024    00000000000000000000000                       801709575600000000000000000000       
7560001300015T 0605631000000200644540000028755801011     140432198200000010122024000000000022500001068210                         091000032864696886DANILO NOVO OTAVIANO                    00000000000000000000003500000000004                 
7560001300016U 060000000000000000000000000000000000000000000000000000000000000000000000225000000000000225000000000000000000000000000000000212202402122024    00000000000000000000000                       801715575600000000000000000000       
7560001300017T 0605631000000200644540000028759701011     139154148600000005122024000000000028334104002720                         091000025313672843FABIOLA GURGEL                          00000000000000000000003500000000004                 
7560001300018U 060000000000000000000000000000000000000000000000000000000000000000000000283340000000000283340000000000000000000000000000000212202402122024    00000000000000000000000                       801417675600000000000000000000       
7560001300019T 0605631000000200644540000028766901011     141505169600000005122024000000000030740104002720                         091000025313672843FABIOLA GURGEL                          00000000000000000000003500000000004                 
7560001300020U 060000000000000000000000000000000000000000000000000000000000000000000000307400000000000307400000000000000000000000000000000212202402122024    00000000000000000000000                       801528675600000000000000000000       
7560001300021T 0605631000000200644540000028773001011     142407264000000010122024000000000024719348000010                         091000026634012857JERRISLEI BENTO NOGUEIRA                00000000000000000000003500000000004                 
7560001300022U 060000000000000000000000000000000000000000000000000000000000000000000000247190000000000247190000000000000000000000000000000212202402122024    00000000000000000000000                       801842575600000000000000000000       
7560001300023T 0605631000000200644540000028774801011     143566157000000010122024000000000056180001001400                         091000007057855990KAUANNE FERREIRA DE MELO                00000000000000000000003500000000004                 
7560001300024U 060000000000000000000000000000000000000000000000000000000000000000000000561800000000000561800000000000000000000000000000000212202402122024    00000000000000000000000                       801671575600000000000000000000       
7560001300025T 0605631000000200644540000028775501011     143994966000000005122024000000000033920033010360                         091000045489539810KETYLIN DOS SANTOS                      00000000000000000000003500000000004                 
7560001300026U 060000000000000000000000000000000000000000000000000000000000000000000000339200000000000339200000000000000000000000000000000212202402122024    00000000000000000000000                       801524075600000000000000000000       
7560001300027T 0605631000000200644540000028778701011     142431595000000005122024000000000028302033010360                         091000098867539000LUCIANA HISAYO ENDO                     00000000000000000000003500000000004                 
7560001300028U 060000000000000000000000000000000000000000000000000000000000000000000000283020000000000283020000000000000000000000000000000212202402122024    00000000000000000000000                       801564675600000000000000000000       
7560001300029T 0605631000000200644540000028782701011     140184420000000005122024000000000028230033039610                         091000011632733846PAULO SERGIO GONCALVES DE OLIVEIRA      00000000000000000000003500000000004                 
7560001300030U 060000000000000000000000000000000000000000000000000000000000000000000000282300000000000282300000000000000000000000000000000212202402122024    00000000000000000000000                       801541175600000000000000000000       
7560001300031T 0605631000000200644540000028796001011     143092143100000010122024000000000043259001058030                         091000017612949890ELISABETH NOGUEIRA MARTINS              00000000000000000000003500000000004                 
7560001300032U 060000000000000000000000000000000000000000000000000000000000000000000000432590000000000432590000000000000000000000000000000212202402122024    00000000000000000000000                       801714775600000000000000000000       
75600015         00003400001600000000000708860000000000000000000000000000000000000000000000000000000000000000000000                                                                                                                             
75699999         000001000036000000                                                                                                                                                                                                             
