75600000         232970660000191                    05631000000200980140EDUULMC CURSOS DE IDIOMAS LTDASICOOB                                  20901202509212300095408500000                                                                     
75600011T01  043 2032970660000191          563100002405631000000200980140EDUULMC CURSOS DE IDIOMAS LTDA                                                                                000000000901202500000000                                 
7560001300001T 0605631000000200980140000029210701011     142153173800000010012025000000000016517001047520                         091000050020255870VITOR ANTUNES PEREIRA                   00000000000000000000003500000000004                 
7560001300002U 060000000000000000000000000000000000000000000000000000000000000000000000165170000000000165170000000000000000000000000000000801202508012025    00000000000000000000000                       811531675600000000000000000000       
75600015         00000400000100000000000016517000000000000000000000000000000000000000000000000000000000000000000000                                                                                                                             
75699999         000001000006000000                                                                                                                                                                                                             
