75600000         229492820000120                    05631000000200873060ANEXA IDIOMAS LTDA            SICOOB                                  20608202409033100110408500000                                                                     
75600011T01  043 2029492820000120          563100002405631000000200873060ANEXA IDIOMAS LTDA                                                                                            000000000608202400000000                                 
7560001300001T 0905631000000200873060000025495701011     135737186900000005022024000000000017900756056310                         091000019275440840DANIELA APARECIDA FERREIRA CHAVES       00000000000000000000003500000000013                 
7560001300002U 090000000000000000000000000000000000000000000000000000000000000000000000000000000000000000000000000000000000000000000000000508202405082024    00000000000000000000000                       770665975600000000000000000000       
7560001300003T 0905631000000200873060000025499601011     135775187100000005022024000000000016900756056310                         091000058254616809MARCO RODRIGUES PEREIRA                 00000000000000000000003500000000013                 
7560001300004U 090000000000000000000000000000000000000000000000000000000000000000000000000000000000000000000000000000000000000000000000000508202405082024    00000000000000000000000                       770666175600000000000000000000       
7560001300005T 0905631000000200873060000025659501011     141018127000000006022024000000000013500756056310                         091000073446530363ANTONIO IRAILSON BEZERRA SABOIA         00000000000000000000003500000000013                 
7560001300006U 090000000000000000000000000000000000000000000000000000000000000000000000000000000000000000000000000000000000000000000000000508202405082024    00000000000000000000000                       770719575600000000000000000000       
7560001300007T 0605631000000200873060000027455001011     140036187100000005082024000000000017914341002630                         091000058254616809MARCO RODRIGUES PEREIRA                 00000000000000000000003500000000004                 
7560001300008U 060000000000000000000000000000000000000000000000000000000000000000000000179140000000000179140000000000000000000000000000000508202405082024    00000000000000000000000                       770567675600000000000000000000       
7560001300009T 0605631000000200873060000027499401011     141956204500000010082024000000000022200341086380                         091000033025700823SHIRLEI BATISTA MORILLO                 00000000000000000000003500000000004                 
7560001300010U 060000000000000000000000000000000000000000000000000000000000000000000000222000000000000222000000000000000000000000000000000508202405082024    00000000000000000000000                       770584375600000000000000000000       
7560001300011T 0605631000000200873060000027511901011     142503206200000010082024000000000030000341037850                         091000033198171830KARINA DE CASSIA CARVALHO MANOEL        00000000000000000000003500000000004                 
7560001300012U 060000000000000000000000000000000000000000000000000000000000000000000000300000000000000300000000000000000000000000000000000508202405082024    00000000000000000000000                       770574375600000000000000000000       
7560001300013T 0605631000000200873060000027512601011     139318162200000010082024000000000029733341069060                         091000036877483839LARISSA BARBOZA                         00000000000000000000003500000000004                 
7560001300014U 060000000000000000000000000000000000000000000000000000000000000000000000297330000000000297330000000000000000000000000000000508202405082024    00000000000000000000000                       770580175600000000000000000000       
7560001300015T 0605631000000200873060000027514001011     140819139100000010082024000000000060674341070700                         091000035044873802LUCAS DA PAZ PEDRO                      00000000000000000000003500000000004                 
7560001300016U 060000000000000000000000000000000000000000000000000000000000000000000000606740000000000606740000000000000000000000000000000508202405082024    00000000000000000000000                       770119775600000000000000000000       
7560001300017T 0605631000000200873060000027518001011     143396207600000010082024000000000039326341070700                         091000036044850889MARIANA ROCHA REGO                      00000000000000000000003500000000004                 
7560001300018U 060000000000000000000000000000000000000000000000000000000000000000000000393260000000000393260000000000000000000000000000000508202405082024    00000000000000000000000                       770356275600000000000000000000       
75600015         00002000000900000000000248147000000000000000000000000000000000000000000000000000000000000000000000                                                                                                                             
75699999         000001000022000000                                                                                                                                                                                                             
