75600000         219895217000135                    05631000000200644540IWS CURSOS DE IDIOMAS LTDA    SICOOB                                  21812202410030000145008500000                                                                     
75600011T01  043 2019895217000135          563100002405631000000200644540IWS CURSOS DE IDIOMAS LTDA                                                                                    000000001812202400000000                                 
7560001300001T 0605631000000200644540000028787301011     140256182700000010122024000000000025472237005930                         091000039053153861SAMMYA M. DA S. SOUSA                   00000000000000000000003500000000004                 
7560001300002U 060000000000005650000000000000000000000000000000000000000000000000000000260370000000000260370000000000000000000000000000001712202417122024    00000000000000000000000                       806737475600000000000000000000       
7560001300003T 0605631000000200644540000028911801011     138818125000000025122024000000000040810033001400                         091000042566921857GUSTAVO SALES SANCHES                   00000000000000000000003500000000004                 
7560001300004U 060000000000000000000000000000000000000000000000000000000000000000000000408100000000000408100000000000000000000000000000001712202417122024    00000000000000000000000                       806589275600000000000000000000       
7560001300005T 0605631000000200644540000028941901011     142961207100000030122024000000000034320341085760                         091000005628080942RAPHAELA FILIPPETTO                     00000000000000000000003500000000004                 
7560001300006U 060000000000000000000000000000000000000000000000000000000000000000000000343200000000000343200000000000000000000000000000001712202417122024    00000000000000000000000                       806709775600000000000000000000       
75600015         00000800000300000000000100602000000000000000000000000000000000000000000000000000000000000000000000                                                                                                                             
75699999         000001000010000000                                                                                                                                                                                                             
