75600000         219895217000135                    05631000000200644540IWS CURSOS DE IDIOMAS LTDA    SICOOB                                  21610202408233200141308500000                                                                     
75600011T01  043 2019895217000135          563100002405631000000200644540IWS CURSOS DE IDIOMAS LTDA                                                                                    000000001610202400000000                                 
7560001300001T 0605631000000200644540000028016801011     142017192600000030092024000000000031235033007280                         091000026592685840DANIELLY VAZ CORONADO                   00000000000000000000003500000000004                 
7560001300002U 060000000000007750000000000000000000000000000000000000000000000000000000320100000000000320100000000000000000000000000000001510202415102024    00000000000000000000000                       789680675600000000000000000000       
7560001300003T 0605631000000200644540000028236901011     139762131000000015102024000000000014711085011630                         091000004099091902DANIEL FELIPE FILACHOWSKI               00000000000000000000003500000000004                 
7560001300004U 060000000000000000000000000000000000000000000000000000000000000000000000147110000000000147110000000000000000000000000000001510202415102024    00000000000000000000000                       789882975600000000000000000000       
7560001300005T 0605631000000200644540000028239001011     142102192300000015102024000000000026235341085360                         091000039856088810LUCAS DE PAULA OLTREMARI                00000000000000000000003500000000004                 
7560001300006U 060000000000000000000000000000000000000000000000000000000000000000000000262350000000000262350000000000000000000000000000001510202415102024    00000000000000000000000                       789862975600000000000000000000       
7560001300007T 0605631000000200644540000028240901011     143416192300000015102024000000000005000341085360                         091000039856088810LUCAS DE PAULA OLTREMARI                00000000000000000000003500000000004                 
7560001300008U 060000000000000000000000000000000000000000000000000000000000000000000000050000000000000050000000000000000000000000000000001510202415102024    00000000000000000000000                       789862875600000000000000000000       
7560001300009T 0605631000000200644540000028245501011     139404129900000015102024000000000045000033007280                         091000028789640802MONALIZA MARIA ALVES                    00000000000000000000003500000000004                 
7560001300010U 060000000000000000000000000000000000000000000000000000000000000000000000450000000000000450000000000000000000000000000000001510202415102024    00000000000000000000000                       789715575600000000000000000000       
7560001300011T 0605631000000200644540000028247001011     142999207300000015102024000000000009000033003410                         091000033745263812TIAGO MARCIANO DA SILVA                 00000000000000000000003500000000004                 
7560001300012U 060000000000000000000000000000000000000000000000000000000000000000000000090000000000000090000000000000000000000000000000001510202415102024    00000000000000000000000                       790067675600000000000000000000       
7560001300013T 0605631000000200644540000028248701011     139750163300000015102024000000000019080341031500                         091000030578064812CLEBER ROBERTO BERGER                   00000000000000000000003500000000004                 
7560001300014U 060000000000000000000000000000000000000000000000000000000000000000000000190800000000000190800000000000000000000000000000001510202415102024    00000000000000000000000                       789848475600000000000000000000       
7560001300015T 0605631000000200644540000028250201011     139798189800000015102024000000000021094633000010                         091000032297933827THALITA ALESSANDRA DE SOUZA             00000000000000000000003500000000004                 
7560001300016U 060000000000000000000000000000000000000000000000000000000000000000000000210940000000000210940000000000000000000000000000001510202415102024    00000000000000000000000                       789780375600000000000000000000       
7560001300017T 0605631000000200644540000028251001011     141701124000000015102024000000000031500033001400                         091000052522627805ERIC VINICIUS DA SILVA MARTINS          00000000000000000000003500000000004                 
7560001300018U 060000000000000000000000000000000000000000000000000000000000000000000000315000000000000315000000000000000000000000000000001510202415102024    00000000000000000000000                       790067375600000000000000000000       
7560001300019T 0605631000000200644540000028252701011     139128131900000015102024000000000065720341038090                         091000027899694850EVANDRO DE SANTANA CAVICCHIO            00000000000000000000003500000000004                 
7560001300020U 060000000000000000000000000000000000000000000000000000000000000000000000657200000000000657200000000000000000000000000000001510202415102024    00000000000000000000000                       789777975600000000000000000000       
7560001300021T 0605631000000200644540000028253401011     142567206500000015102024000000000037000033043390                         091000032100160893FERNANDA GHIRALDI NOBRE                 00000000000000000000003500000000004                 
7560001300022U 060000000000000000000000000000000000000000000000000000000000000000000000370000000000000370000000000000000000000000000000001510202415102024    00000000000000000000000                       789830075600000000000000000000       
7560001300023T 0605631000000200644540000028254101011     142054152800000015102024000000000024000341000770                         091000031112058869MARCIA ROSA DE ARRUDA                   00000000000000000000003500000000004                 
7560001300024U 060000000000000000000000000000000000000000000000000000000000000000000000240000000000000240000000000000000000000000000000001510202415102024    00000000000000000000000                       789831075600000000000000000000       
7560001300025T 0605631000000200644540000028257301011     140773190300000015102024000000000015900633000010                         091000032297933827THALITA ALESSANDRA DE SOUZA             00000000000000000000003500000000004                 
7560001300026U 060000000000000000000000000000000000000000000000000000000000000000000000159000000000000159000000000000000000000000000000001510202415102024    00000000000000000000000                       789782475600000000000000000000       
7560001300027T 0605631000000200644540000028258001011     143492208500000015102024000000000021000341038090                         091000028048739860MARCELO DORNAS PANHOTTA NEVES           00000000000000000000003500000000004                 
7560001300028U 060000000000000000000000000000000000000000000000000000000000000000000000210000000000000210000000000000000000000000000000001510202415102024    00000000000000000000000                       789780175600000000000000000000       
7560001300029T 0605631000000200644540000028259801011     143551208500000015102024000000000005000341038090                         091000028048739860MARCELO DORNAS PANHOTTA NEVES           00000000000000000000003500000000004                 
7560001300030U 060000000000000000000000000000000000000000000000000000000000000000000000050000000000000050000000000000000000000000000000001510202415102024    00000000000000000000000                       789782275600000000000000000000       
7560001300031T 0605631000000200644540000028260601011     143819211200000015102024000000000036800104002710                         091000018600076862CAYO PARDOS LASTIRI                     00000000000000000000003500000000004                 
7560001300032U 060000000000000000000000000000000000000000000000000000000000000000000000368000000000000368000000000000000000000000000000001510202415102024    00000000000000000000000                       790015375600000000000000000000       
7560001300033T 0605631000000200644540000028261301011     142290205400000015102024000000000032000341088120                         091000033338296819LEIDIANE DOS SANTOS GOMES               00000000000000000000003500000000004                 
7560001300034U 060000000000000000000000000000000000000000000000000000000000000000000000320000000000000320000000000000000000000000000000001510202415102024    00000000000000000000000                       789863775600000000000000000000       
7560001300035T 0605631000000200644540000028262001011     138900158300000015102024000000000069960237003680                         091000024985557811VIVIANE MAGLIANO                        00000000000000000000003500000000004                 
7560001300036U 060000000000000000000000000000000000000000000000000000000000000000000000699600000000000699600000000000000000000000000000001510202415102024    00000000000000000000000                       790032675600000000000000000000       
7560001300037T 0605631000000200644540000028263801011     141011199300000015102024000000000019000001067610                         091000016909083865CATIA CIRLENE DE OLIVEIRA SANTOS        00000000000000000000003500000000004                 
7560001300038U 060000000000000000000000000000000000000000000000000000000000000000000000190000000000000190000000000000000000000000000000001510202415102024    00000000000000000000000                       789663875600000000000000000000       
7560001300039T 0605631000000200644540000028264501011     141854203800000015102024000000000018000341038090                         091000028048739860MARCELO DORNAS PANHOTTA NEVES           00000000000000000000003500000000004                 
7560001300040U 060000000000000000000000000000000000000000000000000000000000000000000000180000000000000180000000000000000000000000000000001510202415102024    00000000000000000000000                       789784075600000000000000000000       
7560001300041T 0605631000000200644540000028265201011     141842203700000015102024000000000020000341038090                         091000028048739860MARCELO DORNAS PANHOTTA NEVES           00000000000000000000003500000000004                 
7560001300042U 060000000000000000000000000000000000000000000000000000000000000000000000200000000000000200000000000000000000000000000000001510202415102024    00000000000000000000000                       789785875600000000000000000000       
7560001300043T 0605631000000200644540000028266001011     144072211900000015102024000000000038700001056610                         091000026557159852CRISTIANE JULIARI                       00000000000000000000003500000000004                 
7560001300044U 060000000000000000000000000000000000000000000000000000000000000000000000387000000000000387000000000000000000000000000000001510202415102024    00000000000000000000000                       789983875600000000000000000000       
7560001300045T 0605631000000200644540000028269101011     139536185600000015102024000000000028000341020000                         091000049482848829WEVERTON BATISTA DOS SANTOS             00000000000000000000003500000000004                 
7560001300046U 060000000000000000000000000000000000000000000000000000000000000000000000280000000000000280000000000000000000000000000000001510202415102024    00000000000000000000000                       789844775600000000000000000000       
7560001300047T 0605631000000200644540000028270001011     142747748000000015102024000000000035000033034090                         091000051097253813GABRIELA HIGA MONJAR SECKLER            00000000000000000000003500000000004                 
7560001300048U 060000000000000000000000000000000000000000000000000000000000000000000000350000000000000350000000000000000000000000000000001510202415102024    00000000000000000000000                       789683675600000000000000000000       
7560001300049T 0605631000000200644540000028294601011     141349400000000015102024000000000109000033045500                         092010911237000269MIMAKI RECIFE                           00000000000000000000003500000000004                 
7560001300050U 060000000000000000000000000000000000000000000000000000000000000000000001090000000000001090000000000000000000000000000000001510202415102024    00000000000000000000000                       789685375600000000000000000000       
7560001300051T 0605631000000200644540000028295301011     141361300000000015102024000000000327000033009380                         092010911237000340MIMAKI BLUMENAL                         00000000000000000000003500000000004                 
7560001300052U 060000000000000000000000000000000000000000000000000000000000000000000003270000000000003270000000000000000000000000000000001510202415102024    00000000000000000000000                       789680975600000000000000000000       
7560001300053T 0605631000000200644540000028296001011     141373100000000015102024000000000436000033045500                         092010911237000188MIMAKI SAO PAULO                        00000000000000000000003500000000004                 
7560001300054U 060000000000000000000000000000000000000000000000000000000000000000000004360000000000004360000000000000000000000000000000001510202415102024    00000000000000000000000                       789716375600000000000000000000       
7560001300055T 0605631000000200644540000028297801011     141385160000000015102024000000000109000033045500                         092010911237000420MIMAKI BH                               00000000000000000000003500000000004                 
7560001300056U 060000000000000000000000000000000000000000000000000000000000000000000001090000000000001090000000000000000000000000000000001510202415102024    00000000000000000000000                       789729275600000000000000000000       
7560001300057T 0605631000000200644540000028321001011     138816125000000025102024000000000040810033001400                         091000042566921857GUSTAVO SALES SANCHES                   00000000000000000000003500000000004                 
7560001300058U 060000000000000000000000000000000000000000000000000000000000000000000000408100000000000408100000000000000000000000000000001510202415102024    00000000000000000000000                       790067275600000000000000000000       
7560001300059T 0605631000000200644540000028329901011     140074161700000020102024000000000023203033010360                         091000025095916819EDUARDO ALMEIDA ALENCAR ARRAIS          00000000000000000000003500000000004                 
7560001300060U 060000000000000000000000000000000000000000000000000000000000000000000000232030000000000232030000000000000000000000000000001510202415102024    00000000000000000000000                       789681075600000000000000000000       
7560001300061T 0605631000000200644540000028375801011     144246213100000015102024000000000033000079000010                         091000006121146435GRACIELA RAULICKIS                      00000000000000000000003500000000004                 
7560001300062U 060000000000000000000000000000000000000000000000000000000000000000000000330000000000000330000000000000000000000000000000001510202415102024    00000000000000000000000                       789771075600000000000000000000       
75600015         00006400003100000000001746948000000000000000000000000000000000000000000000000000000000000000000000                                                                                                                             
75699999         000001000066000000                                                                                                                                                                                                             
