75600000         219895217000135                    05631000000200644540IWS CURSOS DE IDIOMAS LTDA    SICOOB                                  22301202513221100146908500000                                                                     
75600011T01  043 2019895217000135          563100002405631000000200644540IWS CURSOS DE IDIOMAS LTDA                                                                                    000000002301202500000000                                 
7560001300001T 0905631000000200644540000027360901011     139257950000000025072024000000000024253756056310                         091000009304309808JOAO GABRIEL ZUANETTI                   00000000000000000000003500000000013                 
7560001300002U 090000000000000000000000000000000000000000000000000000000000000000000000000000000000000000000000000000000000000000000000002201202522012025    00000000000000000000000                       815934775600000000000000000000       
7560001300003T 0905631000000200644540000027362301011     140854190500000025072024000000000019080756056310                         091000027567853850CRISTIANE DORNAS PANHOTTA ARAUJO        00000000000000000000003500000000013                 
7560001300004U 090000000000000000000000000000000000000000000000000000000000000000000000000000000000000000000000000000000000000000000000002201202522012025    00000000000000000000000                       815934875600000000000000000000       
7560001300005T 0905631000000200644540000027364801011     142264205200000025072024000000000005000756056310                         091000051428027807SOPHIA REIS MAIA                        00000000000000000000003500000000013                 
7560001300006U 090000000000000000000000000000000000000000000000000000000000000000000000000000000000000000000000000000000000000000000000002201202522012025    00000000000000000000000                       815934975600000000000000000000       
7560001300007T 0905631000000200644540000027365501011     141319201900000025072024000000000020000756056310                         091000012934327760WHENNY OLIVEIRA RIBEIRO                 00000000000000000000003500000000013                 
7560001300008U 090000000000000000000000000000000000000000000000000000000000000000000000000000000000000000000000000000000000000000000000002201202522012025    00000000000000000000000                       815935075600000000000000000000       
7560001300009T 0605631000000200644540000029278701011     139565197400000025012025000000000018000104002500                         091000028682214830MARCIA SILVA BONFIM DE SOUZA            00000000000000000000003500000000004                 
7560001300010U 060000000000000000000000000000000000000000000000000000000000000000000000180000000000000180000000000000000000000000000000002201202522012025    00000000000000000000000                       815850875600000000000000000000       
7560001300011T 0605631000000200644540000029287301011     139179181300000025012025000000000018985104002500                         091000028682214830MARCIA SILVA BONFIM DE SOUZA            00000000000000000000003500000000004                 
7560001300012U 060000000000000000000000000000000000000000000000000000000000000000000000189850000000000189850000000000000000000000000000002201202522012025    00000000000000000000000                       815822875600000000000000000000       
75600015         00001400000600000000000105318000000000000000000000000000000000000000000000000000000000000000000000                                                                                                                             
75699999         000001000016000000                                                                                                                                                                                                             
