75600000         229492820000120                    05631000000200873060ANEXA IDIOMAS LTDA            SICOOB                                  20810202410463100113508500000                                                                     
75600011T01  043 2029492820000120          563100002405631000000200873060ANEXA IDIOMAS LTDA                                                                                            000000000810202400000000                                 
7560001300001T 0605631000000200873060000026051501011     138804946000000010102024000000000024132033035590                         091000008023621840FRANCISCA FERNANDA NICOLAU DE CARVALHO  00000000000000000000003500000000004                 
7560001300002U 060000000000000000000000000000000000000000000000000000000000000000000000241320000000000241320000000000000000000000000000000710202407102024    00000000000000000000000                       787177275600000000000000000000       
7560001300003T 0605631000000200873060000028113501011     139654186900000005102024000000000018974033035540                         091000019275440840DANIELA APARECIDA FERREIRA CHAVES       00000000000000000000003500000000004                 
7560001300004U 060000000000000000000000000000000000000000000000000000000000000000000000189740000000000189740000000000000000000000000000000710202407102024    00000000000000000000000                       787177175600000000000000000000       
7560001300005T 0605631000000200873060000028114201011     141467191700000005102024000000000039432341037470                         091000011682946819CLEBER JOSE RICARDO MARQUES             00000000000000000000003500000000004                 
7560001300006U 060000000000000000000000000000000000000000000000000000000000000000000000394320000000000394320000000000000000000000000000000710202407102024    00000000000000000000000                       787116875600000000000000000000       
7560001300007T 0605631000000200873060000028116701011     140038187100000005102024000000000017914341002630                         091000058254616809MARCO RODRIGUES PEREIRA                 00000000000000000000003500000000004                 
7560001300008U 060000000000000000000000000000000000000000000000000000000000000000000000179140000000000179140000000000000000000000000000000710202407102024    00000000000000000000000                       787107575600000000000000000000       
7560001300009T 0605631000000200873060000028182301011     141958204500000010102024000000000022200341086380                         091000033025700823SHIRLEI BATISTA MORILLO                 00000000000000000000003500000000004                 
7560001300010U 060000000000000000000000000000000000000000000000000000000000000000000000222000000000000222000000000000000000000000000000000710202407102024    00000000000000000000000                       786640775600000000000000000000       
75600015         00001200000500000000000122652000000000000000000000000000000000000000000000000000000000000000000000                                                                                                                             
75699999         000001000014000000                                                                                                                                                                                                             
