75600000         229492820000120                    05631000000200873060ANEXA IDIOMAS LTDA            SICOOB                                  23110202409024600114708500000                                                                     
75600011T01  043 2029492820000120          563100002405631000000200873060ANEXA IDIOMAS LTDA                                                                                            000000003110202400000000                                 
7560001300001T 0605631000000200873060000028410901011     140516959000000030102024000000000022200341026270                         091000028354882861JOAO PAULO MORGUETO                     00000000000000000000003500000000004                 
7560001300002U 060000000000000000000000000000000000000000000000000000000000000000000000222000000000000222000000000000000000000000000000003010202430102024    00000000000000000000000                       793076275600000000000000000000       
7560001300003T 0605631000000200873060000028412301011     142528206300000030102024000000000028300033022710                         091000044608181831LUANA HELENA BOM FARIAS                 00000000000000000000003500000000004                 
7560001300004U 060000000000000000000000000000000000000000000000000000000000000000000000283000000000000283000000000000000000000000000000003010202430102024    00000000000000000000000                       793184975600000000000000000000       
7560001300005T 0605631000000200873060000028416201011     140556199500000031102024000000000035200341049030                         091000052635208832VICTOR GASPARINO BARBOSA                00000000000000000000003500000000004                 
7560001300006U 060000000000000000000000000000000000000000000000000000000000000000000000352000000000000352000000000000000000000000000000003010202430102024    00000000000000000000000                       793170775600000000000000000000       
75600015         00000800000300000000000085700000000000000000000000000000000000000000000000000000000000000000000000                                                                                                                             
75699999         000001000010000000                                                                                                                                                                                                             
