75600000         219895217000135                    05631000000200644540IWS CURSOS DE IDIOMAS LTDA    SICOOB                                  22805202408424000132708500000                                                                     
75600011T01  043 2019895217000135          563100002405631000000200644540IWS CURSOS DE IDIOMAS LTDA                                                                                    000000002805202400000000                                 
7560001300001T 0605631000000200644540000026730601011     139949161100000025052024000000000023203104002500                         091000016059959830SILVANA FERREIRA DAMACENA               00000000000000000000003500000000004                 
7560001300002U 060000000000000000000000000000000000000000000000000000000000000000000000232030000000000232030000000000000000000000000000002705202427052024    00000000000000000000000                       752784375600000000000000000000       
7560001300003T 0605631000000200644540000026731301011     139255950000000025052024000000000024253237009650                         091000009304309808SOLANGE ZUANETTI FERNANDES DA SILVA     00000000000000000000003500000000004                 
7560001300004U 060000000000000000000000000000000000000000000000000000000000000000000000242530000000000242530000000000000000000000000000002705202427052024    00000000000000000000000                       752795675600000000000000000000       
7560001300005T 0605631000000200644540000026845801011     140925102200000005062024000000000032629077000010                         091000043704621854VICTOR TONETTO MARQUES                  00000000000000000000003500000000004                 
7560001300006U 060000000000000000000000000000000000000000000000000000000000000000000000326290000000000326290000000000000000000000000000002705202427052024    00000000000000000000000                       752552775600000000000000000000       
75600015         00000800000300000000000080085000000000000000000000000000000000000000000000000000000000000000000000                                                                                                                             
75699999         000001000010000000                                                                                                                                                                                                             
