75600000         232970660000191                    05631000000200980140EDUULMC CURSOS DE IDIOMAS LTDASICOOB                                  22806202408514800086408500000                                                                     
75600011T01  043 2032970660000191          563100002405631000000200980140EDUULMC CURSOS DE IDIOMAS LTDA                                                                                000000002806202400000000                                 
7560001300001T 0605631000000200980140000027226601011     137753148300000010072024000000000015000237004210                         091000038686017835ISABELA GONCALVES CARDOSO DE SA         00000000000000000000003500000000004                 
7560001300002U 060000000000000000000000000000000000000000000000000000000000000000000000150000000000000150000000000000000000000000000000002706202427062024    00000000000000000000000                       760810275600000000000000000000       
75600015         00000400000100000000000015000000000000000000000000000000000000000000000000000000000000000000000000                                                                                                                             
75699999         000001000006000000                                                                                                                                                                                                             
