75600000         219895217000135                    05631000000200644540IWS CURSOS DE IDIOMAS LTDA    SICOOB                                  21707202408232200135608500000                                                                     
75600011T01  043 2019895217000135          563100002405631000000200644540IWS CURSOS DE IDIOMAS LTDA                                                                                    000000001707202400000000                                 
7560001300001T 0605631000000200644540000027259901011     142564206500000015072024000000000037000033043390                         091000032100160893FERNANDA GHIRALDI NOBRE                 00000000000000000000003500000000004                 
7560001300002U 060000000000007520000000000000000000000000000000000000000000000000000000377520000000000377520000000000000000000000000000001607202416072024    00000000000000000000000                       766386075600000000000000000000       
7560001300003T 0605631000000200644540000027358301011     138813125000000025072024000000000040810033001400                         091000042566921857GUSTAVO SALES SANCHES                   00000000000000000000003500000000004                 
7560001300004U 060000000000000000000000000000000000000000000000000000000000000000000000408100000000000408100000000000000000000000000000001607202416072024    00000000000000000000000                       766192375600000000000000000000       
7560001300005T 0605631000000200644540000027383801011     138814125000000025082024000000000040810033001400                         091000042566921857GUSTAVO SALES SANCHES                   00000000000000000000003500000000004                 
7560001300006U 060000000000000000000000000000000000000000000000000000000000000000000000408100000000000408100000000000000000000000000000001607202416072024    00000000000000000000000                       766167775600000000000000000000       
75600015         00000800000300000000000118620000000000000000000000000000000000000000000000000000000000000000000000                                                                                                                             
75699999         000001000010000000                                                                                                                                                                                                             
