75600000         219895217000135                    05631000000200644540IWS CURSOS DE IDIOMAS LTDA    SICOOB                                  20909202409041600138808500000                                                                     
75600011T01  043 2019895217000135          563100002405631000000200644540IWS CURSOS DE IDIOMAS LTDA                                                                                    000000000909202400000000                                 
7560001300001T 0605631000000200644540000027824201011     139713183000000010092024000000000028302237005930                         091000032988336814CARLOS HENRIQUE DE OLIVEIRA             00000000000000000000003500000000004                 
7560001300002U 060000000000000000000000000000000000000000000000000000000000000000000000283020000000000283020000000000000000000000000000000609202406092024    00000000000000000000000                       779199875600000000000000000000       
7560001300003T 0605631000000200644540000027827401011     143478208400000010092024000000000038720341040880                         091000015095382830CRISTINA MAKIKO SAITO HIRANO            00000000000000000000003500000000004                 
7560001300004U 060000000000000000000000000000000000000000000000000000000000000000000000387200000000000387200000000000000000000000000000000609202406092024    00000000000000000000000                       779066275600000000000000000000       
7560001300005T 0605631000000200644540000027829901011     142919206800000010092024000000000035200341090330                         091000022022841840DENISE VALENTE EVA                      00000000000000000000003500000000004                 
7560001300006U 060000000000000000000000000000000000000000000000000000000000000000000000352000000000000352000000000000000000000000000000000609202406092024    00000000000000000000000                       779222375600000000000000000000       
7560001300007T 0605631000000200644540000027839201011     143803211100000010092024000000000028700077000010                         091000062383501301GABRIEL MELO GAGLIONI                   00000000000000000000003500000000004                 
7560001300008U 060000000000000000000000000000000000000000000000000000000000000000000000287000000000000287000000000000000000000000000000000609202406092024    00000000000000000000000                       779142975600000000000000000000       
7560001300009T 0605631000000200644540000027842501011     143716210400000010092024000000000038000033000890                         091000035003158874GABRIELA CARVALHO                       00000000000000000000003500000000004                 
7560001300010U 060000000000000000000000000000000000000000000000000000000000000000000000380000000000000380000000000000000000000000000000000609202406092024    00000000000000000000000                       779203775600000000000000000000       
7560001300011T 0605631000000200644540000027848901011     143503208600000010092024000000000021000001030260                         091000034465431805JACIANE IZIDORIO DE OLIVEIRA SOUZA      00000000000000000000003500000000004                 
7560001300012U 060000000000000000000000000000000000000000000000000000000000000000000000210000000000000210000000000000000000000000000000000609202406092024    00000000000000000000000                       779029275600000000000000000000       
7560001300013T 0605631000000200644540000027858201011     140049184500000010092024000000000028302260000010                         091000042564299806LETTICIA POSCHI MOTA                    00000000000000000000003500000000004                 
7560001300014U 060000000000000000000000000000000000000000000000000000000000000000000000283020000000000283020000000000000000000000000000000609202406092024    00000000000000000000000                       779168575600000000000000000000       
7560001300015T 0605631000000200644540000027860801011     143221178400000010092024000000000022472104040770                         091000025385360813BENEDITA BISPO DA HORA                  00000000000000000000003500000000004                 
7560001300016U 060000000000000000000000000000000000000000000000000000000000000000000000224720000000000224720000000000000000000000000000000609202406092024    00000000000000000000000                       779040775600000000000000000000       
75600015         00001800000800000000000240696000000000000000000000000000000000000000000000000000000000000000000000                                                                                                                             
75699999         000001000020000000                                                                                                                                                                                                             
