75600000         229492820000120                    05631000000200873060ANEXA IDIOMAS LTDA            SICOOB                                  21208202409243800110608500000                                                                     
75600011T01  043 2029492820000120          563100002405631000000200873060ANEXA IDIOMAS LTDA                                                                                            000000001208202400000000                                 
7560001300001T 0905631000000200873060000025586201011     136065189200000010022024000000000017900756056310                         091000026577600821ANA PAULA PEREIRA DA SILVA              00000000000000000000003500000000013                 
7560001300002U 090000000000000000000000000000000000000000000000000000000000000000000000000000000000000000000000000000000000000000000000000908202409082024    00000000000000000000000                       772234175600000000000000000000       
7560001300003T 0905631000000200873060000025591001011     139048120500000010022024000000000027560756056310                         091000001035046130CASSIA BUENO XIMENES MAYER              00000000000000000000003500000000013                 
7560001300004U 090000000000000000000000000000000000000000000000000000000000000000000000000000000000000000000000000000000000000000000000000908202409082024    00000000000000000000000                       772234275600000000000000000000       
7560001300005T 0905631000000200873060000025592701011     136195167600000010022024000000000055809756056310                         091000016314355826CELI PEREIRA DE OLIVEIRA                00000000000000000000003500000000013                 
7560001300006U 090000000000000000000000000000000000000000000000000000000000000000000000000000000000000000000000000000000000000000000000000908202409082024    00000000000000000000000                       772234375600000000000000000000       
7560001300007T 0905631000000200873060000025601901011     139204129600000010022024000000000017490756056310                         091000031192736869ELIDA DE CAMPOS HEIN                    00000000000000000000003500000000013                 
7560001300008U 090000000000000000000000000000000000000000000000000000000000000000000000000000000000000000000000000000000000000000000000000908202409082024    00000000000000000000000                       772234475600000000000000000000       
7560001300009T 0905631000000200873060000025603301011     139240128400000010022024000000000017331756056310                         091000000623528819ANTONIO CARLOS DA SILVA                 00000000000000000000003500000000013                 
7560001300010U 090000000000000000000000000000000000000000000000000000000000000000000000000000000000000000000000000000000000000000000000000908202409082024    00000000000000000000000                       772234575600000000000000000000       
7560001300011T 0905631000000200873060000025606501011     139288128600000010022024000000000017331756056310                         091000000623528819ANTONIO CARLOS DA SILVA                 00000000000000000000003500000000013                 
7560001300012U 090000000000000000000000000000000000000000000000000000000000000000000000000000000000000000000000000000000000000000000000000908202409082024    00000000000000000000000                       772234675600000000000000000000       
7560001300013T 0905631000000200873060000025611201011     139372184800000010022024000000000028302756056310                         091000016158461822SERGIO APARECIDO DE BARROS SILVA        00000000000000000000003500000000013                 
7560001300014U 090000000000000000000000000000000000000000000000000000000000000000000000000000000000000000000000000000000000000000000000000908202409082024    00000000000000000000000                       772234775600000000000000000000       
7560001300015T 0905631000000200873060000025613701011     135876187800000010022024000000000031620756056310                         091000042915794898MAYARA LUCAS DE OLIVEIRA DUCA           00000000000000000000003500000000013                 
7560001300016U 090000000000000000000000000000000000000000000000000000000000000000000000000000000000000000000000000000000000000000000000000908202409082024    00000000000000000000000                       772234875600000000000000000000       
7560001300017T 0905631000000200873060000025616901011     136868190900000010022024000000000017800756056310                         091000042658157827SABRINA ARILAINE SOUZA OLIVEIRA         00000000000000000000003500000000013                 
7560001300018U 090000000000000000000000000000000000000000000000000000000000000000000000000000000000000000000000000000000000000000000000000908202409082024    00000000000000000000000                       772234975600000000000000000000       
7560001300019T 0905631000000200873060000025617601011     135359123200000010022024000000000020871756056310                         091000012980636800ALEXANDRO SOARES                        00000000000000000000003500000000013                 
7560001300020U 090000000000000000000000000000000000000000000000000000000000000000000000000000000000000000000000000000000000000000000000000908202409082024    00000000000000000000000                       772235075600000000000000000000       
7560001300021T 0905631000000200873060000025642001011     140585187800000010022024000000000015810756056310                         091000042915794898MAYARA LUCAS DE OLIVEIRA DUCA           00000000000000000000003500000000013                 
7560001300022U 090000000000000000000000000000000000000000000000000000000000000000000000000000000000000000000000000000000000000000000000000908202409082024    00000000000000000000000                       772235175600000000000000000000       
7560001300023T 0605631000000200873060000026049001011     138802946000000010082024000000000024132033035590                         091000008023621840FRANCISCA FERNANDA NICOLAU DE CARVALHO  00000000000000000000003500000000004                 
7560001300024U 060000000000000000000000000000000000000000000000000000000000000000000000241320000000000241320000000000000000000000000000000908202409082024    00000000000000000000000                       772136175600000000000000000000       
75600015         00002600001200000000000291956000000000000000000000000000000000000000000000000000000000000000000000                                                                                                                             
75699999         000001000028000000                                                                                                                                                                                                             
