75600000         232970660000191                    05631000000200980140EDUULMC CURSOS DE IDIOMAS LTDASICOOB                                  21208202409243800088608500000                                                                     
75600011T01  043 2032970660000191          563100002405631000000200980140EDUULMC CURSOS DE IDIOMAS LTDA                                                                                000000001208202400000000                                 
7560001300001T 0905631000000200980140000025623301011     136618152300000010022024000000000036729756056310                         091000017533829808CLEBER ANTONIO CHINELATO                00000000000000000000003500000000013                 
7560001300002U 090000000000000000000000000000000000000000000000000000000000000000000000000000000000000000000000000000000000000000000000000908202409082024    00000000000000000000000                       772236675600000000000000000000       
7560001300003T 0905631000000200980140000025624001011     137777193000000010022024000000000026770756056310                         091000009143497403EMANUELA GLEDSA RODRIGUES RIOS          00000000000000000000003500000000013                 
7560001300004U 090000000000000000000000000000000000000000000000000000000000000000000000000000000000000000000000000000000000000000000000000908202409082024    00000000000000000000000                       772236775600000000000000000000       
7560001300005T 0905631000000200980140000025628001011     138447195700000010022024000000000019900756056310                         091000036406378873ALINE JENIFER BIM MONCAO                00000000000000000000003500000000013                 
7560001300006U 090000000000000000000000000000000000000000000000000000000000000000000000000000000000000000000000000000000000000000000000000908202409082024    00000000000000000000000                       772236875600000000000000000000       
7560001300007T 0905631000000200980140000025633701011     135287423000000010022024000000000026818756056310                         091000011279917792PETRIC RIOS BASTOS                      00000000000000000000003500000000013                 
7560001300008U 090000000000000000000000000000000000000000000000000000000000000000000000000000000000000000000000000000000000000000000000000908202409082024    00000000000000000000000                       772236975600000000000000000000       
7560001300009T 0905631000000200980140000025636901011     137666176300000010022024000000000021200756056310                         091000026504465878KATIA TIBERIO                           00000000000000000000003500000000013                 
7560001300010U 090000000000000000000000000000000000000000000000000000000000000000000000000000000000000000000000000000000000000000000000000908202409082024    00000000000000000000000                       772237075600000000000000000000       
7560001300011T 0605631000000200980140000027528601011     143368170300000010082024000000000005000001068820                         091000033280346843ANSELMO DA SILVA                        00000000000000000000003500000000004                 
7560001300012U 060000000000000000000000000000000000000000000000000000000000000000000000050000000000000050000000000000000000000000000000000908202409082024    00000000000000000000000                       771864075600000000000000000000       
75600015         00001400000600000000000136417000000000000000000000000000000000000000000000000000000000000000000000                                                                                                                             
75699999         000001000016000000                                                                                                                                                                                                             
