75600000         232970660000191                    05631000000200980140EDUULMC CURSOS DE IDIOMAS LTDASICOOB                                  22709202409430300091208500000                                                                     
75600011T01  043 2032970660000191          563100002405631000000200980140EDUULMC CURSOS DE IDIOMAS LTDA                                                                                000000002709202400000000                                 
7560001300001T 0605631000000200980140000028207501011     143370170300000010102024000000000005000001068820                         091000033280346843ANSELMO DA SILVA                        00000000000000000000003500000000004                 
7560001300002U 060000000000000000000000000000000000000000000000000000000000000000000000050000000000000050000000000000000000000000000000002609202426092024    00000000000000000000000                       784510975600000000000000000000       
75600015         00000400000100000000000005000000000000000000000000000000000000000000000000000000000000000000000000                                                                                                                             
75699999         000001000006000000                                                                                                                                                                                                             
