75600000         232970660000191                    05631000000200980140EDUULMC CURSOS DE IDIOMAS LTDASICOOB                                  21608202408413400088808500000                                                                     
75600011T01  043 2032970660000191          563100002405631000000200980140EDUULMC CURSOS DE IDIOMAS LTDA                                                                                000000001608202400000000                                 
7560001300001T 0605631000000200980140000027373401011     138206144900000025072024000000000066441341029610                         091000047364370811BARBARA PINTO PEINADOR GARCIA           00000000000000000000003500000000004                 
7560001300002U 060000000000017910000000000000000000000000000000000000000000000000000000682320000000000682320000000000000000000000000000001508202415082024    00000000000000000000000                       774088375600000000000000000000       
75600015         00000400000100000000000066441000000000000000000000000000000000000000000000000000000000000000000000                                                                                                                             
75699999         000001000006000000                                                                                                                                                                                                             
