75600000         219895217000135                    05631000000200644540IWS CURSOS DE IDIOMAS LTDA    SICOOB                                  21811202408423400143008500000                                                                     
75600011T01  043 2019895217000135          563100002405631000000200644540IWS CURSOS DE IDIOMAS LTDA                                                                                    000000001811202400000000                                 
7560001300001T 0605631000000200644540000028558601011     141350400000000015112024000000000109000456000020                         092010911237000269MIMAKI RECIFE                           00000000000000000000003500000000004                 
7560001300002U 060000000000000000000000000000000000000000000000000000000000000000000001090000000000001090000000000000000000000000000000001411202414112024    00000000000000000000000                       797394175600000000000000000000       
7560001300003T 0605631000000200644540000028559301011     141362300000000015112024000000000327000033009380                         092010911237000340MIMAKI BLUMENAL                         00000000000000000000003500000000004                 
7560001300004U 060000000000000000000000000000000000000000000000000000000000000000000003270000000000003270000000000000000000000000000000001411202414112024    00000000000000000000000                       797363875600000000000000000000       
7560001300005T 0605631000000200644540000028560101011     141374100000000015112024000000000327000456000020                         092010911237000188MIMAKI SAO PAULO                        00000000000000000000003500000000004                 
7560001300006U 060000000000000000000000000000000000000000000000000000000000000000000003270000000000003270000000000000000000000000000000001411202414112024    00000000000000000000000                       797409475600000000000000000000       
7560001300007T 0605631000000200644540000028561901011     141386160000000015112024000000000109000456000020                         092010911237000420MIMAKI BH                               00000000000000000000003500000000004                 
7560001300008U 060000000000000000000000000000000000000000000000000000000000000000000001090000000000001090000000000000000000000000000000001411202414112024    00000000000000000000000                       797417475600000000000000000000       
7560001300009T 0605631000000200644540000028568001011     142103192300000015112024000000000026235341085360                         091000039856088810LUCAS DE PAULA OLTREMARI                00000000000000000000003500000000004                 
7560001300010U 060000000000000000000000000000000000000000000000000000000000000000000000262350000000000262350000000000000000000000000000001411202414112024    00000000000000000000000                       797391275600000000000000000000       
7560001300011T 0605631000000200644540000028573701011     143000207300000015112024000000000009000033003410                         091000033745263812TIAGO MARCIANO DA SILVA                 00000000000000000000003500000000004                 
7560001300012U 060000000000000000000000000000000000000000000000000000000000000000000000090000000000000090000000000000000000000000000000001411202414112024    00000000000000000000000                       797363475600000000000000000000       
7560001300013T 0605631000000200644540000028576901011     139751163300000015112024000000000019080341031500                         091000030578064812CLEBER ROBERTO BERGER                   00000000000000000000003500000000004                 
7560001300014U 060000000000000000000000000000000000000000000000000000000000000000000000190800000000000190800000000000000000000000000000001411202414112024    00000000000000000000000                       797385675600000000000000000000       
7560001300015T 0605631000000200644540000028587001011     142291205400000015112024000000000032000341088120                         091000033338296819LEIDIANE DOS SANTOS GOMES               00000000000000000000003500000000004                 
7560001300016U 060000000000000000000000000000000000000000000000000000000000000000000000320000000000000320000000000000000000000000000000001411202414112024    00000000000000000000000                       797391975600000000000000000000       
7560001300017T 0605631000000200644540000028589401011     141012199300000015112024000000000019000001067610                         091000016909083865CATIA CIRLENE DE OLIVEIRA SANTOS        00000000000000000000003500000000004                 
7560001300018U 060000000000000000000000000000000000000000000000000000000000000000000000190000000000000190000000000000000000000000000000001411202414112024    00000000000000000000000                       797348375600000000000000000000       
7560001300019T 0605631000000200644540000028596601011     142748748000000015112024000000000035000033034090                         091000051097253813GABRIELA HIGA MONJAR SECKLER            00000000000000000000003500000000004                 
7560001300020U 060000000000000000000000000000000000000000000000000000000000000000000000350000000000000350000000000000000000000000000000001411202414112024    00000000000000000000000                       797509075600000000000000000000       
75600015         00002200001000000000001012315000000000000000000000000000000000000000000000000000000000000000000000                                                                                                                             
75699999         000001000024000000                                                                                                                                                                                                             
