75600000         232970660000191                    05631000000200980140EDUULMC CURSOS DE IDIOMAS LTDASICOOB                                  20612202409224400093808500000                                                                     
75600011T01  043 2032970660000191          563100002405631000000200980140EDUULMC CURSOS DE IDIOMAS LTDA                                                                                000000000612202400000000                                 
7560001300001T 0605631000000200980140000028741501011     144670310000000005122024000000000133650341000720                         092061139622000190LILLA                                   00000000000000000000003500000000004                 
7560001300002U 060000000000000000000000000000000000000000000000000000000000000000000001336500000000001336500000000000000000000000000000000512202405122024    00000000000000000000000                       802764875600000000000000000000       
7560001300003T 0605631000000200980140000028851001011     142128725000000010122024000000000018539033035440                         091000003567487825NABOR ALVES MONTEIRO                    00000000000000000000003500000000004                 
7560001300004U 060000000000000000000000000000000000000000000000000000000000000000000000185390000000000185390000000000000000000000000000000512202405122024    00000000000000000000000                       802676675600000000000000000000       
7560001300005T 0605631000000200980140000029015001011     139358331000000015122024000000000081620237001560                         091000017129471840LISANDRA MARQUES ALISEDA SEDRANI        00000000000000000000003500000000004                 
7560001300006U 060000000000000000000000000000000000000000000000000000000000000000000000816200000000000816200000000000000000000000000000000512202405122024    00000000000000000000000                       802659675600000000000000000000       
75600015         00000800000300000000000233809000000000000000000000000000000000000000000000000000000000000000000000                                                                                                                             
75699999         000001000010000000                                                                                                                                                                                                             
