75600000         219895217000135                    05631000000200644540IWS CURSOS DE IDIOMAS LTDA    SICOOB                                  21012202409212000144408500000                                                                     
75600011T01  043 2019895217000135          563100002405631000000200644540IWS CURSOS DE IDIOMAS LTDA                                                                                    000000001012202400000000                                 
7560001300001T 0905631000000200644540000026803901011     140601400000000010062024000000000031600756056310                         091000039857755836ALINE NUNES DAL SOGLIO GUIDI            00000000000000000000003500000000013                 
7560001300002U 090000000000000000000000000000000000000000000000000000000000000000000000000000000000000000000000000000000000000000000000000912202409122024    00000000000000000000000                       803895675600000000000000000000       
7560001300003T 0905631000000200644540000026824301011     137022264000000010062024000000000023320756056310                         091000026634012857JERRISLEI BENTO NOGUEIRA                00000000000000000000003500000000013                 
7560001300004U 090000000000000000000000000000000000000000000000000000000000000000000000000000000000000000000000000000000000000000000000000912202409122024    00000000000000000000000                       803895775600000000000000000000       
7560001300005T 0905631000000200644540000026846501011     142355206100000010062024000000000026000756056310                         091000029578120885JULIANA MARIA DE OLIVEIRA               00000000000000000000003500000000013                 
7560001300006U 090000000000000000000000000000000000000000000000000000000000000000000000000000000000000000000000000000000000000000000000000912202409122024    00000000000000000000000                       803895875600000000000000000000       
7560001300007T 0905631000000200644540000026855101011     140805137200000010062024000000000028118756056310                         091000044202915836LAIS CREPALDI                           00000000000000000000003500000000013                 
7560001300008U 090000000000000000000000000000000000000000000000000000000000000000000000000000000000000000000000000000000000000000000000000912202409122024    00000000000000000000000                       803895975600000000000000000000       
7560001300009T 0605631000000200644540000028753301011     139740184200000010122024000000000028302260000010                         091000040323474845CHRISTOPHER PAULO CRUZ                  00000000000000000000003500000000004                 
7560001300010U 060000000000000000000000000000000000000000000000000000000000000000000000283020000000000283020000000000000000000000000000000912202409122024    00000000000000000000000                       803416175600000000000000000000       
7560001300011T 0605631000000200644540000028754001011     143481208400000010122024000000000038720341040880                         091000015095382830CRISTINA MAKIKO SAITO HIRANO            00000000000000000000003500000000004                 
7560001300012U 060000000000000000000000000000000000000000000000000000000000000000000000387200000000000387200000000000000000000000000000000912202409122024    00000000000000000000000                       803435475600000000000000000000       
7560001300013T 0605631000000200644540000028764401011     144201213000000010122024000000000024000001068340                         091000038744936877GABRIELA GOMES TITANERO                 00000000000000000000003500000000004                 
7560001300014U 060000000000000000000000000000000000000000000000000000000000000000000000240000000000000240000000000000000000000000000000000912202409122024    00000000000000000000000                       803694475600000000000000000000       
7560001300015T 0605631000000200644540000028769001011     141281201700000010122024000000000020000341074220                         091000009727368670ISABELA KRISTINA MESQUITA SILVA         00000000000000000000003500000000004                 
7560001300016U 060000000000000000000000000000000000000000000000000000000000000000000000200000000000000200000000000000000000000000000000000912202409122024    00000000000000000000000                       803942975600000000000000000000       
7560001300017T 0605631000000200644540000028777001011     143224178400000010122024000000000022472104002500                         091000025385360813BENEDITA BISPO DA HORA                  00000000000000000000003500000000004                 
7560001300018U 060000000000000000000000000000000000000000000000000000000000000000000000224720000000000224720000000000000000000000000000000912202409122024    00000000000000000000000                       803691175600000000000000000000       
7560001300019T 0605631000000200644540000028779401011     143650209800000010122024000000000055000341038090                         091000006694524838MARIA LUIZA ARDIZZONE ROSSI             00000000000000000000003500000000004                 
7560001300020U 060000000000000000000000000000000000000000000000000000000000000000000000550000000000000550000000000000000000000000000000000912202409122024    00000000000000000000000                       803666575600000000000000000000       
7560001300021T 0605631000000200644540000028789801011     144104212400000010122024000000000036700237012310                         091000032139645812TATIANA MATOS SILVA                     00000000000000000000003500000000004                 
7560001300022U 060000000000000000000000000000000000000000000000000000000000000000000000367000000000000367000000000000000000000000000000000912202409122024    00000000000000000000000                       804021575600000000000000000000       
7560001300023T 0605631000000200644540000028790601011     144116212400000010122024000000000036700237012310                         091000032139645812TATIANA MATOS SILVA                     00000000000000000000003500000000004                 
7560001300024U 060000000000000000000000000000000000000000000000000000000000000000000000367000000000000367000000000000000000000000000000000912202409122024    00000000000000000000000                       804060075600000000000000000000       
7560001300025T 0605631000000200644540000028792001011     140919151400000010122024000000000022247033001070                         091000004913644823VALQUIRIA DE CASSIA NUNES SOARES        00000000000000000000003500000000004                 
7560001300026U 060000000000000000000000000000000000000000000000000000000000000000000000222470000000000222470000000000000000000000000000000912202409122024    00000000000000000000000                       803447675600000000000000000000       
7560001300027T 0605631000000200644540000028802001011     140631128000000010122024000000000030905033001540                         091000098638726287DAN SHINKAI                             00000000000000000000003500000000004                 
7560001300028U 060000000000000000000000000000000000000000000000000000000000000000000000309050000000000309050000000000000000000000000000000912202409122024    00000000000000000000000                       804024975600000000000000000000       
7560001300029T 0605631000000200644540000028863901011     143033240000000009122024000000000185235341000460                         092062430194000112BRASPAR                                 00000000000000000000003500000000004                 
7560001300030U 060000000000000000000000000000000000000000000000000000000000000000000001852350000000001852350000000000000000000000000000000912202409122024    00000000000000000000000                       803443175600000000000000000000       
7560001300031T 0605631000000200644540000028959001011     138890124200000015122024000000000036729237001560                         091000017129471840LISANDRA MARQUES ALISEDA SEDRANI        00000000000000000000003500000000004                 
7560001300032U 060000000000000000000000000000000000000000000000000000000000000000000000367290000000000367290000000000000000000000000000000912202409122024    00000000000000000000000                       803684775600000000000000000000       
75600015         00003400001600000000000646048000000000000000000000000000000000000000000000000000000000000000000000                                                                                                                             
75699999         000001000036000000                                                                                                                                                                                                             
