75600000         229492820000120                    05631000000200873060ANEXA IDIOMAS LTDA            SICOOB                                  20210202413473400113208500000                                                                     
75600011T01  043 2029492820000120          563100002405631000000200873060ANEXA IDIOMAS LTDA                                                                                            000000000210202400000000                                 
7560001300001T 0605631000000200873060000028115001011     140026188100000005102024000000000018974341063110                         091000026928896817MARCIO RICARDO ARAUJO                   00000000000000000000003500000000004                 
7560001300002U 060000000000000000000000000000000000000000000000000000000000000000000000189740000000000189740000000000000000000000000000000110202401102024    00000000000000000000000                       785516175600000000000000000000       
7560001300003T 0605631000000200873060000028118101011     143442208100000005102024000000000028400079000010                         091000048719557884MARIA LUIZA CESARIO MARTINS             00000000000000000000003500000000004                 
7560001300004U 060000000000000000000000000000000000000000000000000000000000000000000000284000000000000284000000000000000000000000000000000110202401102024    00000000000000000000000                       785556875600000000000000000000       
7560001300005T 0605631000000200873060000028187001011     141918204200000010102024000000000022880341073860                         091000041101415835CAROLINE BRITO DE DEUS OLIVEIRA         00000000000000000000003500000000004                 
7560001300006U 060000000000000000000000000000000000000000000000000000000000000000000000228800000000000228800000000000000000000000000000000110202401102024    00000000000000000000000                       785517675600000000000000000000       
75600015         00000800000300000000000070254000000000000000000000000000000000000000000000000000000000000000000000                                                                                                                             
75699999         000001000010000000                                                                                                                                                                                                             
