75600000         219895217000135                    05631000000200644540IWS CURSOS DE IDIOMAS LTDA    SICOOB                                  20307202409244800134808500000                                                                     
75600011T01  043 2019895217000135          563100002405631000000200644540IWS CURSOS DE IDIOMAS LTDA                                                                                    000000000307202400000000                                 
7560001300001T 0605631000000200644540000025427901011     138290422000000010072024000000000031482104040800                         091000053378733853PEDRO TAMOTSU HARA                      00000000000000000000003500000000004                 
7560001300002U 060000000000000000000000000000000000000000000000000000000000000000000000314820000000000314820000000000000000000000000000000207202402072024    00000000000000000000000                       761799075600000000000000000000       
7560001300003T 0605631000000200644540000027117801011     137431733000000005072024000000000030214341065600                         091000002135412899FELICIA DEL GALLO ROCHA                 00000000000000000000003500000000004                 
7560001300004U 060000000000000000000000000000000000000000000000000000000000000000000000302140000000000302140000000000000000000000000000000207202402072024    00000000000000000000000                       761819475600000000000000000000       
7560001300005T 0605631000000200644540000027174801011     140830167100000010072024000000000019775001059670                         091000099343460872WANDERLEY JOSE RAMOS VENANCIO           00000000000000000000003500000000004                 
7560001300006U 060000000000000000000000000000000000000000000000000000000000000000000000197750000000000197750000000000000000000000000000000207202402072024    00000000000000000000000                       761791375600000000000000000000       
75600015         00000800000300000000000081471000000000000000000000000000000000000000000000000000000000000000000000                                                                                                                             
75699999         000001000010000000                                                                                                                                                                                                             
