75600000         232970660000191                    05631000000200980140EDUULMC CURSOS DE IDIOMAS LTDASICOOB                                  22111202408424200093208500000                                                                     
75600011T01  043 2032970660000191          563100002405631000000200980140EDUULMC CURSOS DE IDIOMAS LTDA                                                                                000000002111202400000000                                 
7560001300001T 0605631000000200980140000028670701011     141179201100000020112024000000000065500237012310                         091000028341411857TATIANA CRISTINA CARNEIRO VITORIANO     00000000000000000000003500000000004                 
7560001300002U 060000000000000000000000000000000000000000000000000000000000000000000000655000000000000655000000000000000000000000000000001911202419112024    00000000000000000000000                       798675275600000000000000000000       
75600015         00000400000100000000000065500000000000000000000000000000000000000000000000000000000000000000000000                                                                                                                             
75699999         000001000006000000                                                                                                                                                                                                             
