75600000         219895217000135                    05631000000200644540IWS CURSOS DE IDIOMAS LTDA    SICOOB                                  21601202509214400146608500000                                                                     
75600011T01  043 2019895217000135          563100002405631000000200644540IWS CURSOS DE IDIOMAS LTDA                                                                                    000000001601202500000000                                 
7560001300001T 0605631000000200644540000028443401011     144230124000000005112024000000000005000033001400                         091000052522627805ERIC VINICIUS DA SILVA MARTINS          00000000000000000000003500000000004                 
7560001300002U 060000000000002420000000000000000000000000000000000000000000000000000000052420000000000052420000000000000000000000000000001501202515012025    00000000000000000000000                       814313575600000000000000000000       
7560001300003T 0605631000000200644540000029045001011     139765131000000015012025000000000014711085011630                         091000004099091902DANIEL FELIPE FILACHOWSKI               00000000000000000000003500000000004                 
7560001300004U 060000000000000000000000000000000000000000000000000000000000000000000000147110000000000147110000000000000000000000000000001501202515012025    00000000000000000000000                       813997775600000000000000000000       
7560001300005T 0605631000000200644540000029051501011     142105192300000015012025000000000026235341085360                         091000039856088810LUCAS DE PAULA OLTREMARI                00000000000000000000003500000000004                 
7560001300006U 060000000000000000000000000000000000000000000000000000000000000000000000262350000000000262350000000000000000000000000000001501202515012025    00000000000000000000000                       814107075600000000000000000000       
7560001300007T 0605631000000200644540000029052201011     140101185300000015012025000000000009628237002860                         091000009526613490MARIA EMILIA DE SOUZA SILVA             00000000000000000000003500000000004                 
7560001300008U 060000000000000000000000000000000000000000000000000000000000000000000000096280000000000096280000000000000000000000000000001501202515012025    00000000000000000000000                       814284075600000000000000000000       
7560001300009T 0605631000000200644540000029053001011     140137185400000015012025000000000009628260000010                         091000002688745492MARTA MIKAELLE TORRES                   00000000000000000000003500000000004                 
7560001300010U 060000000000000000000000000000000000000000000000000000000000000000000000096280000000000096280000000000000000000000000000001501202515012025    00000000000000000000000                       813971575600000000000000000000       
7560001300011T 0605631000000200644540000029055401011     139407129900000015012025000000000045000033007280                         091000028789640802MONALIZA MARIA ALVES                    00000000000000000000003500000000004                 
7560001300012U 060000000000000000000000000000000000000000000000000000000000000000000000450000000000000450000000000000000000000000000000001501202515012025    00000000000000000000000                       813954375600000000000000000000       
7560001300013T 0605631000000200644540000029056101011     143002207300000015012025000000000009000033003410                         091000033745263812TIAGO MARCIANO DA SILVA                 00000000000000000000003500000000004                 
7560001300014U 060000000000000000000000000000000000000000000000000000000000000000000000090000000000000090000000000000000000000000000000001501202515012025    00000000000000000000000                       813954075600000000000000000000       
7560001300015T 0605631000000200644540000029064001011     144249213100000015012025000000000033000260000010                         091000006121146435GRACIELA RAULICKIS                      00000000000000000000003500000000004                 
7560001300016U 060000000000000000000000000000000000000000000000000000000000000000000000330000000000000330000000000000000000000000000000001501202515012025    00000000000000000000000                       813965475600000000000000000000       
7560001300017T 0605631000000200644540000029067201011     139753163300000015012025000000000019080341031500                         091000030578064812CLEBER ROBERTO BERGER                   00000000000000000000003500000000004                 
7560001300018U 060000000000000000000000000000000000000000000000000000000000000000000000190800000000000190800000000000000000000000000000001501202515012025    00000000000000000000000                       813984775600000000000000000000       
7560001300019T 0605631000000200644540000029069701011     144135212700000015012025000000000025000341038090                         091000028048739860MARCELO DORNAS PANHOTTA NEVES           00000000000000000000003500000000004                 
7560001300020U 060000000000000000000000000000000000000000000000000000000000000000000000250000000000000250000000000000000000000000000000001501202515012025    00000000000000000000000                       814033975600000000000000000000       
7560001300021T 0605631000000200644540000029074401011     139801189800000015012025000000000021094633000010                         091000032297933827THALITA ALESSANDRA DE SOUZA             00000000000000000000003500000000004                 
7560001300022U 060000000000000000000000000000000000000000000000000000000000000000000000210940000000000210940000000000000000000000000000001501202515012025    00000000000000000000000                       814050175600000000000000000000       
7560001300023T 0605631000000200644540000029077601011     141704124000000015012025000000000031500033001400                         091000052522627805ERIC VINICIUS DA SILVA MARTINS          00000000000000000000003500000000004                 
7560001300024U 060000000000000000000000000000000000000000000000000000000000000000000000315000000000000315000000000000000000000000000000001501202515012025    00000000000000000000000                       814313675600000000000000000000       
7560001300025T 0605631000000200644540000029079001011     139131131900000015012025000000000065720341038090                         091000027899694850EVANDRO DE SANTANA CAVICCHIO            00000000000000000000003500000000004                 
7560001300026U 060000000000000000000000000000000000000000000000000000000000000000000000657200000000000657200000000000000000000000000000001501202515012025    00000000000000000000000                       813985375600000000000000000000       
7560001300027T 0605631000000200644540000029082301011     142570206500000015012025000000000037000033043390                         091000032100160893FERNANDA GHIRALDI NOBRE                 00000000000000000000003500000000004                 
7560001300028U 060000000000000000000000000000000000000000000000000000000000000000000000370000000000000370000000000000000000000000000000001501202515012025    00000000000000000000000                       814324575600000000000000000000       
7560001300029T 0605631000000200644540000029097301011     140776190300000015012025000000000015900633000010                         091000032297933827THALITA ALESSANDRA DE SOUZA             00000000000000000000003500000000004                 
7560001300030U 060000000000000000000000000000000000000000000000000000000000000000000000159000000000000159000000000000000000000000000000001501202515012025    00000000000000000000000                       814038975600000000000000000000       
7560001300031T 0605631000000200644540000029098001011     143495208500000015012025000000000021000341038090                         091000028048739860MARCELO DORNAS PANHOTTA NEVES           00000000000000000000003500000000004                 
7560001300032U 060000000000000000000000000000000000000000000000000000000000000000000000210000000000000210000000000000000000000000000000001501202515012025    00000000000000000000000                       814028575600000000000000000000       
7560001300033T 0605631000000200644540000029112001011     141857203800000015012025000000000018000341038090                         091000028048739860MARCELO DORNAS PANHOTTA NEVES           00000000000000000000003500000000004                 
7560001300034U 060000000000000000000000000000000000000000000000000000000000000000000000180000000000000180000000000000000000000000000000001501202515012025    00000000000000000000000                       814021875600000000000000000000       
7560001300035T 0605631000000200644540000029115101011     141845203700000015012025000000000020000341038090                         091000028048739860MARCELO DORNAS PANHOTTA NEVES           00000000000000000000003500000000004                 
7560001300036U 060000000000000000000000000000000000000000000000000000000000000000000000200000000000000200000000000000000000000000000000001501202515012025    00000000000000000000000                       814011075600000000000000000000       
7560001300037T 0605631000000200644540000029116901011     144620215400000015012025000000000033500260000010                         091000047770715881REBECA LOPES GOMES                      00000000000000000000003500000000004                 
7560001300038U 060000000000000000000000000000000000000000000000000000000000000000000000335000000000000335000000000000000000000000000000001501202515012025    00000000000000000000000                       814306575600000000000000000000       
7560001300039T 0605631000000200644540000029126201011     139539185600000015012025000000000028000341020000                         091000049482848829WEVERTON BATISTA DOS SANTOS             00000000000000000000003500000000004                 
7560001300040U 060000000000000000000000000000000000000000000000000000000000000000000000280000000000000280000000000000000000000000000000001501202515012025    00000000000000000000000                       814336975600000000000000000000       
7560001300041T 0605631000000200644540000029135901011     142750748000000015012025000000000035000033034090                         091000051097253813GABRIELA HIGA MONJAR SECKLER            00000000000000000000003500000000004                 
7560001300042U 060000000000000000000000000000000000000000000000000000000000000000000000350000000000000350000000000000000000000000000000001501202515012025    00000000000000000000000                       813958175600000000000000000000       
7560001300043T 0605631000000200644540000029213901011     145351158300000015012025000000000069960237003680                         091000024985557811VIVIANE MAGLIANO                        00000000000000000000003500000000004                 
7560001300044U 060000000000000000000000000000000000000000000000000000000000000000000000699600000000000699600000000000000000000000000000001501202515012025    00000000000000000000000                       814284275600000000000000000000       
7560001300045T 0605631000000200644540000029215301011     141352400000000015012025000000000109000456000020                         092010911237000269MIMAKI RECIFE                           00000000000000000000003500000000004                 
7560001300046U 060000000000000000000000000000000000000000000000000000000000000000000001090000000000001090000000000000000000000000000000001501202515012025    00000000000000000000000                       813994875600000000000000000000       
7560001300047T 0605631000000200644540000029216001011     141364300000000015012025000000000327000033009380                         092010911237000340MIMAKI BLUMENAL                         00000000000000000000003500000000004                 
7560001300048U 060000000000000000000000000000000000000000000000000000000000000000000003270000000000003270000000000000000000000000000000001501202515012025    00000000000000000000000                       813954875600000000000000000000       
7560001300049T 0605631000000200644540000029221801011     145354100000000015012025000000000218000456000020                         092010911237000188MIMAKI SAO PAULO                        00000000000000000000003500000000004                 
7560001300050U 060000000000000000000000000000000000000000000000000000000000000000000002180000000000002180000000000000000000000000000000001501202515012025    00000000000000000000000                       814013575600000000000000000000       
7560001300051T 0605631000000200644540000029289801011     144382125000000025012025000000000043259033001400                         091000042566921857GUSTAVO SALES SANCHES                   00000000000000000000003500000000004                 
7560001300052U 060000000000000000000000000000000000000000000000000000000000000000000000432590000000000432590000000000000000000000000000001501202515012025    00000000000000000000000                       814313475600000000000000000000       
75600015         00005400002600000000001290215000000000000000000000000000000000000000000000000000000000000000000000                                                                                                                             
75699999         000001000056000000                                                                                                                                                                                                             
