75600000         219895217000135                    05631000000200644540IWS CURSOS DE IDIOMAS LTDA    SICOOB                                  22709202409011900140008500000                                                                     
75600011T01  043 2019895217000135          563100002405631000000200644540IWS CURSOS DE IDIOMAS LTDA                                                                                    000000002709202400000000                                 
7560001300001T 0605631000000200644540000028107301011     140929102200000005102024000000000032629077000010                         091000043704621854VICTOR TONETTO MARQUES                  00000000000000000000003500000000004                 
7560001300002U 060000000000000000000000000000000000000000000000000000000000000000000000326290000000000326290000000000000000000000000000002609202426092024    00000000000000000000000                       784775375600000000000000000000       
7560001300003T 0605631000000200644540000028144601011     140430198200000010102024000000000022500001068210                         091000032864696886DANILO NOVO OTAVIANO                    00000000000000000000003500000000004                 
7560001300004U 060000000000000000000000000000000000000000000000000000000000000000000000225000000000000225000000000000000000000000000000002609202426092024    00000000000000000000000                       784510875600000000000000000000       
75600015         00000600000200000000000055129000000000000000000000000000000000000000000000000000000000000000000000                                                                                                                             
75699999         000001000008000000                                                                                                                                                                                                             
