75600000         232970660000191                    05631000000200980140EDUULMC CURSOS DE IDIOMAS LTDASICOOB                                  23101202509214300096608500000                                                                     
75600011T01  043 2032970660000191          563100002405631000000200980140EDUULMC CURSOS DE IDIOMAS LTDA                                                                                000000003101202500000000                                 
7560001300001T 0605631000000200980140000029321001011     143692210200000030012025000000000038720341037530                         091000007806315799 LUCIANA RIBEIRO ALVES                  00000000000000000000003500000000004                 
7560001300002U 060000000000000000000000000000000000000000000000000000000000000000000000387200000000000387200000000000000000000000000000003001202530012025    00000000000000000000000                       817483975600000000000000000000       
7560001300003T 0605631000000200980140000029324101011     142033153000000030012025000000000034607001070250                         091000047064514850FERNANDO VASCONDE DE ARRUDA             00000000000000000000003500000000004                 
7560001300004U 060000000000000000000000000000000000000000000000000000000000000000000000346070000000000346070000000000000000000000000000003001202530012025    00000000000000000000000                       817358775600000000000000000000       
7560001300005T 0605631000000200980140000029327301011     141148198000000030012025000000000010000033000600                         091000026605186885ARIANA ACQUESTA CANAL                   00000000000000000000003500000000004                 
7560001300006U 060000000000000000000000000000000000000000000000000000000000000000000000100000000000000100000000000000000000000000000000003001202530012025    00000000000000000000000                       817368975600000000000000000000       
7560001300007T 0605631000000200980140000029328001011     144532214800000030012025000000000025000341041000                         091000013167507870LUCIENE DIANA SIQUEIRA                  00000000000000000000003500000000004                 
7560001300008U 060000000000000000000000000000000000000000000000000000000000000000000000250000000000000250000000000000000000000000000000003001202530012025    00000000000000000000000                       817380175600000000000000000000       
7560001300009T 0605631000000200980140000029369201011     139814151900000005022025000000000033920341093010                         091000016426937827ELISANGELA LOPES CASSOLATO              00000000000000000000003500000000004                 
7560001300010U 060000000000000000000000000000000000000000000000000000000000000000000000339200000000000339200000000000000000000000000000003001202530012025    00000000000000000000000                       817384575600000000000000000000       
75600015         00001200000500000000000142247000000000000000000000000000000000000000000000000000000000000000000000                                                                                                                             
75699999         000001000014000000                                                                                                                                                                                                             
