75600000         229492820000120                    05631000000200873060ANEXA IDIOMAS LTDA            SICOOB                                  23107202408430400110008500000                                                                     
75600011T01  043 2029492820000120          563100002405631000000200873060ANEXA IDIOMAS LTDA                                                                                            000000003107202400000000                                 
7560001300001T 0605631000000200873060000027408401011     140392197200000001082024000000000048000341037970                         091000034063550800ADRIANO CARNEVALI FERRO                 00000000000000000000003500000000004                 
7560001300002U 060000000000000000000000000000000000000000000000000000000000000000000000480000000000000480000000000000000000000000000000003007202430072024    00000000000000000000000                       769156075600000000000000000000       
7560001300003T 0605631000000200873060000027409101011     140340197300000001082024000000000017900341037970                         091000034063550800ADRIANO CARNEVALI FERRO                 00000000000000000000003500000000004                 
7560001300004U 060000000000000000000000000000000000000000000000000000000000000000000000179000000000000179000000000000000000000000000000003007202430072024    00000000000000000000000                       769173475600000000000000000000       
7560001300005T 0605631000000200873060000027410001011     140513959000000030072024000000000022200341026270                         091000028354882861JOAO PAULO MORGUETO                     00000000000000000000003500000000004                 
7560001300006U 060000000000000000000000000000000000000000000000000000000000000000000000222000000000000222000000000000000000000000000000003007202430072024    00000000000000000000000                       769154775600000000000000000000       
7560001300007T 0605631000000200873060000027413101011     142525206300000030072024000000000028300033022710                         091000044608181831LUANA HELENA BOM FARIAS                 00000000000000000000003500000000004                 
7560001300008U 060000000000000000000000000000000000000000000000000000000000000000000000283000000000000283000000000000000000000000000000003007202430072024    00000000000000000000000                       769185175600000000000000000000       
75600015         00001000000400000000000116400000000000000000000000000000000000000000000000000000000000000000000000                                                                                                                             
75699999         000001000012000000                                                                                                                                                                                                             
