75600000         219895217000135                    05631000000200644540IWS CURSOS DE IDIOMAS LTDA    SICOOB                                  21806202408222100133908500000                                                                     
75600011T01  043 2019895217000135          563100002405631000000200644540IWS CURSOS DE IDIOMAS LTDA                                                                                    000000001806202400000000                                 
7560001300001T 0605631000000200644540000026928401011     141427151500000015062024000000000047700341040810                         091000071010386972CARLOS EDUARDO TONELLI COBO             00000000000000000000003500000000004                 
7560001300002U 060000000000000000000000000000000000000000000000000000000000000000000000477000000000000477000000000000000000000000000000001706202417062024    00000000000000000000000                       758182975600000000000000000000       
7560001300003T 0605631000000200644540000026936301011     140793100900000015062024000000000007416237025200                         091000001652584625JOSE ARGENTINO DE OLIVEIRA NETO         00000000000000000000003500000000004                 
7560001300004U 060000000000000000000000000000000000000000000000000000000000000000000000074160000000000074160000000000000000000000000000001706202417062024    00000000000000000000000                       758325075600000000000000000000       
7560001300005T 0605631000000200644540000026940301011     140094185300000015062024000000000009628260000010                         091000009526613490MARIA EMILIA DE SOUZA SILVA             00000000000000000000003500000000004                 
7560001300006U 060000000000000000000000000000000000000000000000000000000000000000000000096280000000000096280000000000000000000000000000001706202417062024    00000000000000000000000                       758198875600000000000000000000       
7560001300007T 0605631000000200644540000026945001011     139400129900000015062024000000000045000033007280                         091000028789640802MONALIZA MARIA ALVES                    00000000000000000000003500000000004                 
7560001300008U 060000000000000000000000000000000000000000000000000000000000000000000000450000000000000450000000000000000000000000000000001706202417062024    00000000000000000000000                       758321875600000000000000000000       
7560001300009T 0605631000000200644540000026948101011     139794189800000015062024000000000021094633000010                         091000032297933827THALITA ALESSANDRA DE SOUZA             00000000000000000000003500000000004                 
7560001300010U 060000000000000000000000000000000000000000000000000000000000000000000000210940000000000210940000000000000000000000000000001706202417062024    00000000000000000000000                       758430775600000000000000000000       
7560001300011T 0605631000000200644540000026949901011     141697124000000015062024000000000035000033001400                         091000052522627805ERIC VINICIUS DA SILVA MARTINS          00000000000000000000003500000000004                 
7560001300012U 060000000000000000000000000000000000000000000000000000000000000000000000350000000000000350000000000000000000000000000000001706202417062024    00000000000000000000000                       758405075600000000000000000000       
7560001300013T 0605631000000200644540000026950701011     139124131900000015062024000000000065720341038090                         091000027899694850EVANDRO DE SANTANA CAVICCHIO            00000000000000000000003500000000004                 
7560001300014U 060000000000000000000000000000000000000000000000000000000000000000000000657200000000000657200000000000000000000000000000001706202417062024    00000000000000000000000                       758687075600000000000000000000       
7560001300015T 0605631000000200644540000026951401011     142563206500000015062024000000000037000033043390                         091000032100160893FERNANDA GHIRALDI NOBRE                 00000000000000000000003500000000004                 
7560001300016U 060000000000000000000000000000000000000000000000000000000000000000000000370000000000000370000000000000000000000000000000001706202417062024    00000000000000000000000                       758639275600000000000000000000       
7560001300017T 0605631000000200644540000026955301011     140769190300000015062024000000000015900633000010                         091000032297933827THALITA ALESSANDRA DE SOUZA             00000000000000000000003500000000004                 
7560001300018U 060000000000000000000000000000000000000000000000000000000000000000000000159000000000000159000000000000000000000000000000001706202417062024    00000000000000000000000                       758451675600000000000000000000       
7560001300019T 0605631000000200644540000026956001011     142244190300000015062024000000000005000633000010                         091000032297933827THALITA ALESSANDRA DE SOUZA             00000000000000000000003500000000004                 
7560001300020U 060000000000000000000000000000000000000000000000000000000000000000000000050000000000000050000000000000000000000000000000001706202417062024    00000000000000000000000                       758434275600000000000000000000       
7560001300021T 0605631000000200644540000026957801011     142286205400000015062024000000000032000341088120                         091000033338296819LEIDIANE DOS SANTOS GOMES               00000000000000000000003500000000004                 
7560001300022U 060000000000000000000000000000000000000000000000000000000000000000000000320000000000000320000000000000000000000000000000001706202417062024    00000000000000000000000                       758177275600000000000000000000       
7560001300023T 0605631000000200644540000026960001011     141850203800000015062024000000000018000341038090                         091000028048739860MARCELO DORNAS PANHOTTA NEVES           00000000000000000000003500000000004                 
7560001300024U 060000000000000000000000000000000000000000000000000000000000000000000000180000000000000180000000000000000000000000000000001706202417062024    00000000000000000000000                       758184675600000000000000000000       
7560001300025T 0605631000000200644540000026961801011     141838203700000015062024000000000020000341038090                         091000028048739860MARCELO DORNAS PANHOTTA NEVES           00000000000000000000003500000000004                 
7560001300026U 060000000000000000000000000000000000000000000000000000000000000000000000200000000000000200000000000000000000000000000000001706202417062024    00000000000000000000000                       758414075600000000000000000000       
7560001300027T 0605631000000200644540000026963201011     139532185600000015062024000000000028000341020000                         091000049482848829WEVERTON BATISTA DOS SANTOS             00000000000000000000003500000000004                 
7560001300028U 060000000000000000000000000000000000000000000000000000000000000000000000280000000000000280000000000000000000000000000000001706202417062024    00000000000000000000000                       758639775600000000000000000000       
7560001300029T 0605631000000200644540000026964001011     137370685000000015062024000000000029589341062410                         091000040434550892BRUNO FERRAZ PEREIRA                    00000000000000000000003500000000004                 
7560001300030U 060000000000000000000000000000000000000000000000000000000000000000000000295890000000000295890000000000000000000000000000001706202417062024    00000000000000000000000                       758140275600000000000000000000       
7560001300031T 0605631000000200644540000026992601011     141345400000000015062024000000000218000456000020                         092010911237000269MIMAKI RECIFE                           00000000000000000000003500000000004                 
7560001300032U 060000000000000000000000000000000000000000000000000000000000000000000002180000000000002180000000000000000000000000000000001706202417062024    00000000000000000000000                       758677775600000000000000000000       
7560001300033T 0605631000000200644540000026993301011     141357300000000015062024000000000327000033009380                         092010911237000340MIMAKI BLUMENAL                         00000000000000000000003500000000004                 
7560001300034U 060000000000000000000000000000000000000000000000000000000000000000000003270000000000003270000000000000000000000000000000001706202417062024    00000000000000000000000                       758570675600000000000000000000       
7560001300035T 0605631000000200644540000026994001011     141369100000000015062024000000000436000456000020                         092010911237000188MIMAKI SAO PAULO                        00000000000000000000003500000000004                 
7560001300036U 060000000000000000000000000000000000000000000000000000000000000000000004360000000000004360000000000000000000000000000000001706202417062024    00000000000000000000000                       758663275600000000000000000000       
7560001300037T 0605631000000200644540000026995801011     141381160000000015062024000000000218000456000020                         092010911237000420MIMAKI BH                               00000000000000000000003500000000004                 
7560001300038U 060000000000000000000000000000000000000000000000000000000000000000000002180000000000002180000000000000000000000000000000001706202417062024    00000000000000000000000                       758631475600000000000000000000       
7560001300039T 0605631000000200644540000027023001011     138812125000000025062024000000000040810033001400                         091000042566921857GUSTAVO SALES SANCHES                   00000000000000000000003500000000004                 
7560001300040U 060000000000000000000000000000000000000000000000000000000000000000000000408100000000000408100000000000000000000000000000001706202417062024    00000000000000000000000                       758653375600000000000000000000       
7560001300041T 0605631000000200644540000027031001011     140070161700000020062024000000000023203033010360                         091000025095916819EDUARDO ALMEIDA ALENCAR ARRAIS          00000000000000000000003500000000004                 
7560001300042U 060000000000000000000000000000000000000000000000000000000000000000000000232030000000000232030000000000000000000000000000001706202417062024    00000000000000000000000                       758151975600000000000000000000       
7560001300043T 0605631000000200644540000027033401011     141820203600000020062024000000000028700077000010                         091000036613110850NATALIA APARECIDA DE PAULA RIBEIRO      00000000000000000000003500000000004                 
7560001300044U 060000000000000000000000000000000000000000000000000000000000000000000000287000000000000287000000000000000000000000000000001706202417062024    00000000000000000000000                       758261875600000000000000000000       
75600015         00004600002200000000001708760000000000000000000000000000000000000000000000000000000000000000000000                                                                                                                             
75699999         000001000048000000                                                                                                                                                                                                             
