75600000         232970660000191                    05631000000200980140EDUULMC CURSOS DE IDIOMAS LTDASICOOB                                  21411202409031200092908500000                                                                     
75600011T01  043 2032970660000191          563100002405631000000200980140EDUULMC CURSOS DE IDIOMAS LTDA                                                                                000000001411202400000000                                 
7560001300001T 0605631000000200980140000028668101011     144514214600000010112024000000000015000341002400                         091000030974670847MARCOS APARECIDO SOARES                 00000000000000000000003500000000004                 
7560001300002U 060000000000003150000000000000000000000000000000000000000000000000000000153150000000000153150000000000000000000000000000001311202413112024    00000000000000000000000                       797211475600000000000000000000       
7560001300003T 0605631000000200980140000028671401011     144527214600000010112024000000000025000341002400                         091000030974670847MARCOS APARECIDO SOARES                 00000000000000000000003500000000004                 
7560001300004U 060000000000005240000000000000000000000000000000000000000000000000000000255240000000000255240000000000000000000000000000001311202413112024    00000000000000000000000                       797235075600000000000000000000       
75600015         00000600000200000000000040000000000000000000000000000000000000000000000000000000000000000000000000                                                                                                                             
75699999         000001000008000000                                                                                                                                                                                                             
