75600000         229492820000120                    05631000000200873060ANEXA IDIOMAS LTDA            SICOOB                                  21211202410253300115408500000                                                                     
75600011T01  043 2029492820000120          563100002405631000000200873060ANEXA IDIOMAS LTDA                                                                                            000000001211202400000000                                 
7560001300001T 0605631000000200873060000028497901011     141906204100000010112024000000000022880237001120                         091000082872864849AIDE BRITO DE DEUS OLIVEIRA             00000000000000000000003500000000004                 
7560001300002U 060000000000000000000000000000000000000000000000000000000000000000000000228800000000000228800000000000000000000000000000001111202411112024    00000000000000000000000                       795801975600000000000000000000       
7560001300003T 0605631000000200873060000028498601011     139009182900000010112024000000000021094341007880                         091000010645957828ROSANA BOSON CONCEICAO MACEDO           00000000000000000000003500000000004                 
7560001300004U 060000000000000000000000000000000000000000000000000000000000000000000000210940000000000210940000000000000000000000000000001111202411112024    00000000000000000000000                       796127875600000000000000000000       
7560001300005T 0605631000000200873060000028500701011     141983172600000010112024000000000020112033047230                         091000020533601860LUCIANA CARVALHO                        00000000000000000000003500000000004                 
7560001300006U 060000000000000000000000000000000000000000000000000000000000000000000000201120000000000201120000000000000000000000000000001111202411112024    00000000000000000000000                       796624175600000000000000000000       
7560001300007T 0605631000000200873060000028503901011     140654190600000010112024000000000028376237013220                         091000044197827814EDUARDO ARENS BENI                      00000000000000000000003500000000004                 
7560001300008U 060000000000000000000000000000000000000000000000000000000000000000000000283760000000000283760000000000000000000000000000001111202411112024    00000000000000000000000                       796624075600000000000000000000       
7560001300009T 0605631000000200873060000028504601011     140533199000000010112024000000000022000237023850                         091000034614329896MANOEL J NETO                           00000000000000000000003500000000004                 
7560001300010U 060000000000000000000000000000000000000000000000000000000000000000000000220000000000000220000000000000000000000000000000001111202411112024    00000000000000000000000                       795797275600000000000000000000       
7560001300011T 0605631000000200873060000028505301011     142760113000000010112024000000000043259033046320                         091000027109212866ALESSANDRA DOURADO MELO                 00000000000000000000003500000000004                 
7560001300012U 060000000000000000000000000000000000000000000000000000000000000000000000432590000000000432590000000000000000000000000000001111202411112024    00000000000000000000000                       796623875600000000000000000000       
7560001300013T 0605631000000200873060000028509201011     138877159000000010112024000000000026700341031300                         091000044355857824LEANDRO DA PAZ PEDRO                    00000000000000000000003500000000004                 
7560001300014U 060000000000000000000000000000000000000000000000000000000000000000000000267000000000000267000000000000000000000000000000001111202411112024    00000000000000000000000                       796177175600000000000000000000       
7560001300015T 0605631000000200873060000028520401011     144182212900000010112024000000000022200237002720                         091000012445645832EDILEUSA RAMOS DA COSTA NONATO          00000000000000000000003500000000004                 
7560001300016U 060000000000000000000000000000000000000000000000000000000000000000000000222000000000000222000000000000000000000000000000001111202411112024    00000000000000000000000                       796624275600000000000000000000       
7560001300017T 0605631000000200873060000028521101011     144194212900000010112024000000000003000237002720                         091000012445645832EDILEUSA RAMOS DA COSTA NONATO          00000000000000000000003500000000004                 
7560001300018U 060000000000000000000000000000000000000000000000000000000000000000000000030000000000000030000000000000000000000000000000001111202411112024    00000000000000000000000                       796624375600000000000000000000       
7560001300019T 0605631000000200873060000028524301011     143437208000000010112024000000000022200033000600                         091000034253088821DRYELLE SOUSA SAMPAIO                   00000000000000000000003500000000004                 
7560001300020U 060000000000000000000000000000000000000000000000000000000000000000000000222000000000000222000000000000000000000000000000001111202411112024    00000000000000000000000                       795795075600000000000000000000       
7560001300021T 0605631000000200873060000028525001011     140894166700000010112024000000000015000260000010                         091000028041743870TATIANE BRUNHARO                        00000000000000000000003500000000004                 
7560001300022U 060000000000000000000000000000000000000000000000000000000000000000000000150000000000000150000000000000000000000000000000001111202411112024    00000000000000000000000                       795887475600000000000000000000       
7560001300023T 0605631000000200873060000028526801011     144146166700000010112024000000000007500260000010                         091000028041743870TATIANE BRUNHARO                        00000000000000000000003500000000004                 
7560001300024U 060000000000000000000000000000000000000000000000000000000000000000000000075000000000000075000000000000000000000000000000001111202411112024    00000000000000000000000                       795934075600000000000000000000       
7560001300025T 0605631000000200873060000028598801011     143067178000000015112024000000000067416033038530                         091000017234413847ALESSANDRA MORAIS DE GRAZIA             00000000000000000000003500000000004                 
7560001300026U 060000000000000000000000000000000000000000000000000000000000000000000000674160000000000674160000000000000000000000000000001111202411112024    00000000000000000000000                       796133175600000000000000000000       
7560001300027T 0605631000000200873060000028601601011     142676194600000015112024000000000018974341073860                         091000000580681637VIVIANE DALCIN GARCIA DE OLIVEIRA       00000000000000000000003500000000004                 
7560001300028U 060000000000000000000000000000000000000000000000000000000000000000000000189740000000000189740000000000000000000000000000001111202411112024    00000000000000000000000                       796623975600000000000000000000       
7560001300029T 0605631000000200873060000028604801011     142079152900000016112024000000000029150260000010                         091000028645823845EDNALVA RITA BEZERRA                    00000000000000000000003500000000004                 
7560001300030U 060000000000000000000000000000000000000000000000000000000000000000000000291500000000000291500000000000000000000000000000001111202411112024    00000000000000000000000                       796623775600000000000000000000       
7560001300031T 0605631000000200873060000028657801011     141733202800000020112024000000000035200033015720                         091000043469702810RENAN FERREIRA DIAS                     00000000000000000000003500000000004                 
7560001300032U 060000000000000000000000000000000000000000000000000000000000000000000000352000000000000352000000000000000000000000000000001111202411112024    00000000000000000000000                       795793275600000000000000000000       
75600015         00003400001600000000000405061000000000000000000000000000000000000000000000000000000000000000000000                                                                                                                             
75699999         000001000036000000                                                                                                                                                                                                             
