75600000         232970660000191                    05631000000200980140EDUULMC CURSOS DE IDIOMAS LTDASICOOB                                  21012202409212000094008500000                                                                     
75600011T01  043 2032970660000191          563100002405631000000200980140EDUULMC CURSOS DE IDIOMAS LTDA                                                                                000000001012202400000000                                 
7560001300001T 0905631000000200980140000026900901011     140661166300000010062024000000000035955756056310                         091000029424248857ELIEZER QUEIROZ JUNIOR                  00000000000000000000003500000000013                 
7560001300002U 090000000000000000000000000000000000000000000000000000000000000000000000000000000000000000000000000000000000000000000000000912202409122024    00000000000000000000000                       803898775600000000000000000000       
7560001300003T 0905631000000200980140000026909401011     141511124800000010062024000000000026500756056310                         091000013446867619JHENIFFER TEIXEIRA PINTO                00000000000000000000003500000000013                 
7560001300004U 090000000000000000000000000000000000000000000000000000000000000000000000000000000000000000000000000000000000000000000000000912202409122024    00000000000000000000000                       803898875600000000000000000000       
7560001300005T 0905631000000200980140000026912701011     138451195700000010062024000000000019900756056310                         091000036406378873ALINE JENIFER BIM MONCAO                00000000000000000000003500000000013                 
7560001300006U 090000000000000000000000000000000000000000000000000000000000000000000000000000000000000000000000000000000000000000000000000912202409122024    00000000000000000000000                       803898975600000000000000000000       
7560001300007T 0905631000000200980140000026923801011     142536201600000010062024000000000015000756056310                         091000007940140973GIOVANNI PONTAROLO JUNIOR               00000000000000000000003500000000013                 
7560001300008U 090000000000000000000000000000000000000000000000000000000000000000000000000000000000000000000000000000000000000000000000000912202409122024    00000000000000000000000                       803899075600000000000000000000       
7560001300009T 0605631000000200980140000028840001011     143467208300000010122024000000000028302341037550                         091000003365904158CAMILA FERREIRA PEREIRA SILVA           00000000000000000000003500000000004                 
7560001300010U 060000000000000000000000000000000000000000000000000000000000000000000000283020000000000283020000000000000000000000000000000912202409122024    00000000000000000000000                       803666475600000000000000000000       
7560001300011T 0605631000000200980140000028841701011     140619149500000010122024000000000018168756050040                         091000042109093862CELINA PEREIRA SANTIAGO                 00000000000000000000003500000000006                 
7560001300012U 060000000000000000000000000000000000000000000000000000000000000000000000181680000000000181680000000000000000000000000000000912202409122024    00000000000000000000000                       803802575600000000000000000000       
7560001300013T 0605631000000200980140000028856701011     143895211700000010122024000000000034848341037470                         091000024947309881FABIO ALVES BONNO                       00000000000000000000003500000000004                 
7560001300014U 060000000000000000000000000000000000000000000000000000000000000000000000348480000000000348480000000000000000000000000000000912202409122024    00000000000000000000000                       803667475600000000000000000000       
7560001300015T 0605631000000200980140000028858101011     142152173800000010122024000000000016517001047520                         091000050020255870VITOR ANTUNES PEREIRA                   00000000000000000000003500000000004                 
7560001300016U 060000000000000000000000000000000000000000000000000000000000000000000000165170000000000165170000000000000000000000000000000912202409122024    00000000000000000000000                       803617375600000000000000000000       
75600015         00001800000800000000000195190000000000000000000000000000000000000000000000000000000000000000000000                                                                                                                             
75699999         000001000020000000                                                                                                                                                                                                             
