75600000         232970660000191                    05631000000200980140EDUULMC CURSOS DE IDIOMAS LTDASICOOB                                  23110202409024600092208500000                                                                     
75600011T01  043 2032970660000191          563100002405631000000200980140EDUULMC CURSOS DE IDIOMAS LTDA                                                                                000000003110202400000000                                 
7560001300001T 0605631000000200980140000028417201011     143689210200000030102024000000000038720341037530                         091000007806315799 LUCIANA RIBEIRO ALVES                  00000000000000000000003500000000004                 
7560001300002U 060000000000000000000000000000000000000000000000000000000000000000000000387200000000000387200000000000000000000000000000003010202430102024    00000000000000000000000                       793169475600000000000000000000       
7560001300003T 0605631000000200980140000028419701011     142030153000000030102024000000000034607001070250                         091000047064514850FERNANDO VASCONDE DE ARRUDA             00000000000000000000003500000000004                 
7560001300004U 060000000000000000000000000000000000000000000000000000000000000000000000346070000000000346070000000000000000000000000000003010202430102024    00000000000000000000000                       793054575600000000000000000000       
7560001300005T 0605631000000200980140000028423701011     140953191200000030102024000000000033920237006570                         091000020272815845ALEX SANDRO CHELA                       00000000000000000000003500000000004                 
7560001300006U 060000000000000000000000000000000000000000000000000000000000000000000000339200000000000339200000000000000000000000000000003010202430102024    00000000000000000000000                       793154175600000000000000000000       
7560001300007T 0605631000000200980140000028535701011     139811151900000005112024000000000033920341093010                         091000016426937827ELISANGELA LOPES CASSOLATO              00000000000000000000003500000000004                 
7560001300008U 060000000000000000000000000000000000000000000000000000000000000000000000339200000000000339200000000000000000000000000000003010202430102024    00000000000000000000000                       793082875600000000000000000000       
75600015         00001000000400000000000141167000000000000000000000000000000000000000000000000000000000000000000000                                                                                                                             
75699999         000001000012000000                                                                                                                                                                                                             
