75600000         219895217000135                    05631000000200644540IWS CURSOS DE IDIOMAS LTDA    SICOOB                                  20702202509415000148008500000                                                                     
75600011T01  043 2019895217000135          563100002405631000000200644540IWS CURSOS DE IDIOMAS LTDA                                                                                    000000000702202500000000                                 
7560001300001T 0605631000000200644540000029385001011     139742184200000010022025000000000028302260000010                         091000040323474845CHRISTOPHER PAULO CRUZ                  00000000000000000000003500000000004                 
7560001300002U 060000000000000000000000000000000000000000000000000000000000000000000000283020000000000283020000000000000000000000000000000602202506022025    00000000000000000000000                       819204775600000000000000000000       
7560001300003T 0605631000000200644540000029388201011     142924206800000010022025000000000035200341090330                         091000022022841840DENISE VALENTE EVA                      00000000000000000000003500000000004                 
7560001300004U 060000000000000000000000000000000000000000000000000000000000000000000000352000000000000352000000000000000000000000000000000602202506022025    00000000000000000000000                       819408875600000000000000000000       
75600015         00000600000200000000000063502000000000000000000000000000000000000000000000000000000000000000000000                                                                                                                             
75699999         000001000008000000                                                                                                                                                                                                             
