75600000         229492820000120                    05631000000200873060ANEXA IDIOMAS LTDA            SICOOB                                  20506202409030000106908500000                                                                     
75600011T01  043 2029492820000120          563100002405631000000200873060ANEXA IDIOMAS LTDA                                                                                            000000000506202400000000                                 
7560001300001T 0605631000000200873060000026862001011     139650186900000005062024000000000018974033035540                         091000019275440840DANIELA APARECIDA FERREIRA CHAVES       00000000000000000000003500000000004                 
7560001300002U 060000000000000000000000000000000000000000000000000000000000000000000000189740000000000189740000000000000000000000000000000406202404062024    00000000000000000000000                       754401775600000000000000000000       
7560001300003T 0605631000000200873060000026884201011     142225205100000010062024000000000022000104033000                         091000028110782825CRISTIANE DOS SANTOS                    00000000000000000000003500000000004                 
7560001300004U 060000000000000000000000000000000000000000000000000000000000000000000000220000000000000220000000000000000000000000000000000406202404062024    00000000000000000000000                       754268575600000000000000000000       
75600015         00000600000200000000000040974000000000000000000000000000000000000000000000000000000000000000000000                                                                                                                             
75699999         000001000008000000                                                                                                                                                                                                             
