75600000         219895217000135                    05631000000200644540IWS CURSOS DE IDIOMAS LTDA    SICOOB                                  21006202408212200133408500000                                                                     
75600011T01  043 2019895217000135          563100002405631000000200644540IWS CURSOS DE IDIOMAS LTDA                                                                                    000000001006202400000000                                 
7560001300001T 0605631000000200644540000026809201011     140426198200000010062024000000000022500001068210                         091000032864696886DANILO NOVO OTAVIANO                    00000000000000000000003500000000004                 
7560001300002U 060000000000000000000000000000000000000000000000000000000000000000000000225000000000000225000000000000000000000000000000000706202407062024    00000000000000000000000                       755403675600000000000000000000       
7560001300003T 0605631000000200644540000026828201011     140046184500000010062024000000000028302260000010                         091000042564299806LETTICIA POSCHI MOTA                    00000000000000000000003500000000004                 
7560001300004U 060000000000000000000000000000000000000000000000000000000000000000000000283020000000000283020000000000000000000000000000000706202407062024    00000000000000000000000                       755453075600000000000000000000       
7560001300005T 0605631000000200644540000026829001011     142521184500000010062024000000000007500260000010                         091000042564299806LETTICIA POSCHI MOTA                    00000000000000000000003500000000004                 
7560001300006U 060000000000000000000000000000000000000000000000000000000000000000000000075000000000000075000000000000000000000000000000000706202407062024    00000000000000000000000                       755453375600000000000000000000       
75600015         00000800000300000000000058302000000000000000000000000000000000000000000000000000000000000000000000                                                                                                                             
75699999         000001000010000000                                                                                                                                                                                                             
