75600000         219895217000135                    05631000000200644540IWS CURSOS DE IDIOMAS LTDA    SICOOB                                  21609202408031000139308500000                                                                     
75600011T01  043 2019895217000135          563100002405631000000200644540IWS CURSOS DE IDIOMAS LTDA                                                                                    000000001609202400000000                                 
7560001300001T 0605631000000200644540000027809101011     142101192300000015092024000000000026235341085360                         091000039856088810LUCAS DE PAULA OLTREMARI                00000000000000000000003500000000004                 
7560001300002U 060000000000000000000000000000000000000000000000000000000000000000000000262350000000000262350000000000000000000000000000001309202413092024    00000000000000000000000                       781565575600000000000000000000       
7560001300003T 0605631000000200644540000027810001011     143415192300000015092024000000000005000341085360                         091000039856088810LUCAS DE PAULA OLTREMARI                00000000000000000000003500000000004                 
7560001300004U 060000000000000000000000000000000000000000000000000000000000000000000000050000000000000050000000000000000000000000000000001309202413092024    00000000000000000000000                       781581675600000000000000000000       
7560001300005T 0605631000000200644540000027826701011     139749163300000015092024000000000019080341031500                         091000030578064812CLEBER ROBERTO BERGER                   00000000000000000000003500000000004                 
7560001300006U 060000000000000000000000000000000000000000000000000000000000000000000000190800000000000190800000000000000000000000000000001309202413092024    00000000000000000000000                       781560075600000000000000000000       
7560001300007T 0605631000000200644540000027834601011     141700124000000015092024000000000031500033001400                         091000052522627805ERIC VINICIUS DA SILVA MARTINS          00000000000000000000003500000000004                 
7560001300008U 060000000000000000000000000000000000000000000000000000000000000000000000315000000000000315000000000000000000000000000000001309202413092024    00000000000000000000000                       781656275600000000000000000000       
7560001300009T 0605631000000200644540000027881201011     142746748000000015092024000000000042442033034090                         091000051097253813GABRIELA HIGA MONJAR SECKLER            00000000000000000000003500000000004                 
7560001300010U 060000000000000000000000000000000000000000000000000000000000000000000000424420000000000424420000000000000000000000000000001309202413092024    00000000000000000000000                       781552675600000000000000000000       
7560001300011T 0605631000000200644540000028026101011     142662720000000025092024000000000039551104040420                         091000033774740801BRUNA BRITO DE MIRANDA                  00000000000000000000003500000000004                 
7560001300012U 060000000000000000000000000000000000000000000000000000000000000000000000395510000000000395510000000000000000000000000000001309202413092024    00000000000000000000000                       781649175600000000000000000000       
7560001300013T 0605631000000200644540000028035801011     138815125000000025092024000000000040810033001400                         091000042566921857GUSTAVO SALES SANCHES                   00000000000000000000003500000000004                 
7560001300014U 060000000000000000000000000000000000000000000000000000000000000000000000408100000000000408100000000000000000000000000000001309202413092024    00000000000000000000000                       781549375600000000000000000000       
75600015         00001600000700000000000204618000000000000000000000000000000000000000000000000000000000000000000000                                                                                                                             
75699999         000001000018000000                                                                                                                                                                                                             
