75600000         229492820000120                    05631000000200873060ANEXA IDIOMAS LTDA            SICOOB                                  20306202409242100106708500000                                                                     
75600011T01  043 2029492820000120          563100002405631000000200873060ANEXA IDIOMAS LTDA                                                                                            000000000306202400000000                                 
7560001300001T 0605631000000200873060000026762901011     140390197200000001062024000000000048000341037970                         091000034063550800ADRIANO CARNEVALI FERRO                 00000000000000000000003500000000004                 
7560001300002U 060000000000000000000000000000000000000000000000000000000000000000000000480000000000000480000000000000000000000000000000003105202431052024    00000000000000000000000                       753526975600000000000000000000       
7560001300003T 0605631000000200873060000026771501011     141140198000000030052024000000000010000033000600                         091000026605186885ARIANA ACQUESTA CANAL                   00000000000000000000003500000000004                 
7560001300004U 060000000000000000000000000000000000000000000000000000000000000000000000100000000000000100000000000000000000000000000000003105202431052024    00000000000000000000000                       753509175600000000000000000000       
75600015         00000600000200000000000058000000000000000000000000000000000000000000000000000000000000000000000000                                                                                                                             
75699999         000001000008000000                                                                                                                                                                                                             
