75600000         229492820000120                    05631000000200873060ANEXA IDIOMAS LTDA            SICOOB                                  20611202408233700115108500000                                                                     
75600011T01  043 2029492820000120          563100002405631000000200873060ANEXA IDIOMAS LTDA                                                                                            000000000611202400000000                                 
7560001300001T 0605631000000200873060000028496101011     141959204500000010112024000000000022200260000010                         091000033025700823SHIRLEI BATISTA MORILLO                 00000000000000000000003500000000004                 
7560001300002U 060000000000000000000000000000000000000000000000000000000000000000000000222000000000000222000000000000000000000000000000000511202405112024    00000000000000000000000                       794505575600000000000000000000       
7560001300003T 0605631000000200873060000028508501011     140039187100000005112024000000000017914260000010                         091000058254616809MARCO RODRIGUES PEREIRA                 00000000000000000000003500000000004                 
7560001300004U 060000000000000000000000000000000000000000000000000000000000000000000000179140000000000179140000000000000000000000000000000511202405112024    00000000000000000000000                       794506575600000000000000000000       
75600015         00000600000200000000000040114000000000000000000000000000000000000000000000000000000000000000000000                                                                                                                             
75699999         000001000008000000                                                                                                                                                                                                             
