75600000         219895217000135                    05631000000200644540IWS CURSOS DE IDIOMAS LTDA    SICOOB                                  22105202408412300132408500000                                                                     
75600011T01  043 2019895217000135          563100002405631000000200644540IWS CURSOS DE IDIOMAS LTDA                                                                                    000000002105202400000000                                 
7560001300001T 0905631000000200644540000024786001011     134248153000000020112023000000000004626756056310                         091000032300678861DIOGO NEVES MARINHO                     00000000000000000000003500000000013                 
7560001300002U 090000000000000000000000000000000000000000000000000000000000000000000000000000000000000000000000000000000000000000000000002005202420052024    00000000000000000000000                       751602375600000000000000000000       
7560001300003T 0905631000000200644540000024788401011     137881116300000020112023000000000034980756056310                         091000047950320842ANA CLARA DE SOUZA RODRIGUES            00000000000000000000003500000000013                 
7560001300004U 090000000000000000000000000000000000000000000000000000000000000000000000000000000000000000000000000000000000000000000000002005202420052024    00000000000000000000000                       751602475600000000000000000000       
7560001300005T 0905631000000200644540000024789101011     134955183700000020112023000000000018000756056310                         091000016695147817RENATO BEZERRA SANTANA                  00000000000000000000003500000000013                 
7560001300006U 090000000000000000000000000000000000000000000000000000000000000000000000000000000000000000000000000000000000000000000000002005202420052024    00000000000000000000000                       751602575600000000000000000000       
7560001300007T 0905631000000200644540000024792401011     135454184300000020112023000000000018000756056310                         091000021895277833ERIC HENRIQUE VASCONCELLOS SANTOS       00000000000000000000003500000000013                 
7560001300008U 090000000000000000000000000000000000000000000000000000000000000000000000000000000000000000000000000000000000000000000000002005202420052024    00000000000000000000000                       751602675600000000000000000000       
7560001300009T 0905631000000200644540000024796301011     135490184700000020112023000000000019400756056310                         091000021895277833ERIC HENRIQUE VASCONCELLOS SANTOS       00000000000000000000003500000000013                 
7560001300010U 090000000000000000000000000000000000000000000000000000000000000000000000000000000000000000000000000000000000000000000000002005202420052024    00000000000000000000000                       751602775600000000000000000000       
7560001300011T 0905631000000200644540000024797001011     134392147600000020112023000000000024200756056310                         091000043062398884KARINE ARAUJO DOS ANJOS                 00000000000000000000003500000000013                 
7560001300012U 090000000000000000000000000000000000000000000000000000000000000000000000000000000000000000000000000000000000000000000000002005202420052024    00000000000000000000000                       751602875600000000000000000000       
7560001300013T 0905631000000200644540000024798801011     133618322000000020112023000000000025000756056310                         091000037621716886LAYS MELO DE OLIVEIRA                   00000000000000000000003500000000013                 
7560001300014U 090000000000000000000000000000000000000000000000000000000000000000000000000000000000000000000000000000000000000000000000002005202420052024    00000000000000000000000                       751602975600000000000000000000       
7560001300015T 0905631000000200644540000024799501011     137555177700000020112023000000000063600756056310                         091000032759330869LEANDRO MORENO BOFF                     00000000000000000000003500000000013                 
7560001300016U 090000000000000000000000000000000000000000000000000000000000000000000000000000000000000000000000000000000000000000000000002005202420052024    00000000000000000000000                       751603075600000000000000000000       
7560001300017T 0905631000000200644540000024800901011     138558195900000020112023000000000060000756056310                         091000027789099825DANIELA COLAPIETRO RODRIGUES            00000000000000000000003500000000013                 
7560001300018U 090000000000000000000000000000000000000000000000000000000000000000000000000000000000000000000000000000000000000000000000002005202420052024    00000000000000000000000                       751603175600000000000000000000       
7560001300019T 0905631000000200644540000024804801011     138400195100000020112023000000000026700756056310                         091000013418746802MARIA DA SOLIDADE AMORIM SANTOS         00000000000000000000003500000000013                 
7560001300020U 090000000000000000000000000000000000000000000000000000000000000000000000000000000000000000000000000000000000000000000000002005202420052024    00000000000000000000000                       751603275600000000000000000000       
7560001300021T 0905631000000200644540000024807001011     133017132000000020112023000000000035000756056310                         091000014040948068HELOISA HELENA MONTEIRO KROMBERG        00000000000000000000003500000000013                 
7560001300022U 090000000000000000000000000000000000000000000000000000000000000000000000000000000000000000000000000000000000000000000000002005202420052024    00000000000000000000000                       751603375600000000000000000000       
7560001300023T 0905631000000200644540000024811001011     133894132200000020112023000000000032340756056310                         091000000887279805THAIS FAE LAVAREDA DE SOUZA             00000000000000000000003500000000013                 
7560001300024U 090000000000000000000000000000000000000000000000000000000000000000000000000000000000000000000000000000000000000000000000002005202420052024    00000000000000000000000                       751603475600000000000000000000       
7560001300025T 0905631000000200644540000024812701011     133930771000000020112023000000000038500756056310                         091000025811423837MARIA HELENA SAIGO                      00000000000000000000003500000000013                 
7560001300026U 090000000000000000000000000000000000000000000000000000000000000000000000000000000000000000000000000000000000000000000000002005202420052024    00000000000000000000000                       751603575600000000000000000000       
7560001300027T 0605631000000200644540000026665101011     138616300000000025052024000000000030000341089100                         092008952410000144HOLLYTEC                                00000000000000000000003500000000004                 
7560001300028U 060000000000000000000000000000000000000000000000000000000000000000000000300000000000000300000000000000000000000000000000002005202420052024    00000000000000000000000                       751577875600000000000000000000       
7560001300029T 0605631000000200644540000026683401011     139841189400000020052024000000000025440033010360                         091000032198572800EVANDRO CARDOSO SOUZA                   00000000000000000000003500000000004                 
7560001300030U 060000000000000000000000000000000000000000000000000000000000000000000000254400000000000254400000000000000000000000000000002005202420052024    00000000000000000000000                       751147075600000000000000000000       
7560001300031T 0605631000000200644540000026684101011     139853189400000020052024000000000025440033010360                         091000032198572800EVANDRO CARDOSO SOUZA                   00000000000000000000003500000000004                 
7560001300032U 060000000000000000000000000000000000000000000000000000000000000000000000254400000000000254400000000000000000000000000000002005202420052024    00000000000000000000000                       751272275600000000000000000000       
7560001300033T 0605631000000200644540000026685901011     137417155800000020052024000000000029150341008440                         091000029368330867FABIO JURCZYSZYN                        00000000000000000000003500000000004                 
7560001300034U 060000000000000000000000000000000000000000000000000000000000000000000000291500000000000291500000000000000000000000000000002005202420052024    00000000000000000000000                       751438675600000000000000000000       
7560001300035T 0605631000000200644540000026687301011     140009147600000020052024000000000031500033010360                         091000043062398884KARINE ARAUJO DOS ANJOS                 00000000000000000000003500000000004                 
7560001300036U 060000000000000000000000000000000000000000000000000000000000000000000000315000000000000315000000000000000000000000000000002005202420052024    00000000000000000000000                       751079775600000000000000000000       
7560001300037T 0605631000000200644540000026689801011     138564195900000020052024000000000060000104029270                         091000027789099825DANIELA COLAPIETRO RODRIGUES            00000000000000000000003500000000004                 
7560001300038U 060000000000000000000000000000000000000000000000000000000000000000000000600000000000000600000000000000000000000000000000002005202420052024    00000000000000000000000                       751192775600000000000000000000       
7560001300039T 0605631000000200644540000026690601011     137597354000000020052024000000000025465033007660                         091000021920881832MARCELO DA SILVA FREIRE                 00000000000000000000003500000000004                 
7560001300040U 060000000000000000000000000000000000000000000000000000000000000000000000254650000000000254650000000000000000000000000000002005202420052024    00000000000000000000000                       751426775600000000000000000000       
7560001300041T 0605631000000200644540000026691301011     140069161700000020052024000000000023203033010360                         091000025095916819EDUARDO ALMEIDA ALENCAR ARRAIS          00000000000000000000003500000000004                 
7560001300042U 060000000000000000000000000000000000000000000000000000000000000000000000232030000000000232030000000000000000000000000000002005202420052024    00000000000000000000000                       751250975600000000000000000000       
7560001300043T 0605631000000200644540000026693801011     141819203600000020052024000000000028700077000010                         091000036613110850NATALIA APARECIDA DE PAULA RIBEIRO      00000000000000000000003500000000004                 
7560001300044U 060000000000000000000000000000000000000000000000000000000000000000000000287000000000000287000000000000000000000000000000002005202420052024    00000000000000000000000                       751096575600000000000000000000       
7560001300045T 0605631000000200644540000026698401011     139279489000000020052024000000000027961237001560                         091000048915085825JOYCE BOLOGNANI ROVERI                  00000000000000000000003500000000004                 
7560001300046U 060000000000000000000000000000000000000000000000000000000000000000000000279610000000000279610000000000000000000000000000002005202420052024    00000000000000000000000                       751187175600000000000000000000       
7560001300047T 0605631000000200644540000026699101011     139483132200000020052024000000000034280341062410                         091000000887279805THAIS FAE LAVAREDA DE SOUZA             00000000000000000000003500000000004                 
7560001300048U 060000000000000000000000000000000000000000000000000000000000000000000000342800000000000342800000000000000000000000000000002005202420052024    00000000000000000000000                       751132275600000000000000000000       
7560001300049T 0605631000000200644540000026723401011     139557197400000025052024000000000018000104002500                         091000028682214830MARCIA SILVA BONFIM DE SOUZA            00000000000000000000003500000000004                 
7560001300050U 060000000000000000000000000000000000000000000000000000000000000000000000180000000000000180000000000000000000000000000000002005202420052024    00000000000000000000000                       751372175600000000000000000000       
7560001300051T 0605631000000200644540000026727301011     138498180300000025052024000000000078864341059550                         091000035707793860FRANCINE RAMONEDA NUNES DOS SANTOS      00000000000000000000003500000000004                 
7560001300052U 060000000000000000000000000000000000000000000000000000000000000000000000788640000000000788640000000000000000000000000000002005202420052024    00000000000000000000000                       751070675600000000000000000000       
7560001300053T 0605631000000200644540000026728001011     139171181300000025052024000000000018985104002500                         091000028682214830MARCIA SILVA BONFIM DE SOUZA            00000000000000000000003500000000004                 
7560001300054U 060000000000000000000000000000000000000000000000000000000000000000000000189850000000000189850000000000000000000000000000002005202420052024    00000000000000000000000                       751496175600000000000000000000       
7560001300055T 0605631000000200644540000026751001011     142496197400000025052024000000000005000104002500                         091000028682214830MARCIA SILVA BONFIM DE SOUZA            00000000000000000000003500000000004                 
7560001300056U 060000000000000000000000000000000000000000000000000000000000000000000000050000000000000050000000000000000000000000000000002005202420052024    00000000000000000000000                       751550075600000000000000000000       
7560001300057T 0605631000000200644540000026756701011     142501125000000025052024000000000040810033001400                         091000042566921857GUSTAVO SALES SANCHES                   00000000000000000000003500000000004                 
7560001300058U 060000000000000000000000000000000000000000000000000000000000000000000000408100000000000408100000000000000000000000000000002005202420052024    00000000000000000000000                       751180175600000000000000000000       
7560001300059T 0605631000000200644540000026782901011     140708191100000030052024000000000021094260000010                         091000042506963839ENILMA ALVES DOS SANTOS SILVA           00000000000000000000003500000000004                 
7560001300060U 060000000000000000000000000000000000000000000000000000000000000000000000210940000000000210940000000000000000000000000000002005202420052024    00000000000000000000000                       751349475600000000000000000000       
75600015         00006200003000000000000924238000000000000000000000000000000000000000000000000000000000000000000000                                                                                                                             
75699999         000001000064000000                                                                                                                                                                                                             
