75600000         219895217000135                    05631000000200644540IWS CURSOS DE IDIOMAS LTDA    SICOOB                                  22810202409041200141808500000                                                                     
75600011T01  043 2019895217000135          563100002405631000000200644540IWS CURSOS DE IDIOMAS LTDA                                                                                    000000002810202400000000                                 
7560001300001T 0605631000000200644540000028306001011     139080188400000025102024000000000043460341096270                         091000033081822890DANIEL RIBEIRO NOGUEIRA PORTO           00000000000000000000003500000000004                 
7560001300002U 060000000000000000000000000000000000000000000000000000000000000000000000434600000000000434600000000000000000000000000000002510202425102024    00000000000000000000000                       792103175600000000000000000000       
7560001300003T 0605631000000200644540000028307701011     139774153000000020102024000000000004904033034090                         091000032300678861DIOGO NEVES MARINHO                     00000000000000000000003500000000004                 
7560001300004U 060000000000001080000000000000000000000000000000000000000000000000000000050120000000000050120000000000000000000000000000002510202425102024    00000000000000000000000                       792175575600000000000000000000       
7560001300005T 0605631000000200644540000028322801011     139954161100000025102024000000000023203104002500                         091000016059959830SILVANA FERREIRA DAMACENA               00000000000000000000003500000000004                 
7560001300006U 060000000000000000000000000000000000000000000000000000000000000000000000232030000000000232030000000000000000000000000000002510202425102024    00000000000000000000000                       792073375600000000000000000000       
7560001300007T 0605631000000200644540000028323501011     143642161100000025102024000000000005000104002500                         091000016059959830SILVANA FERREIRA DAMACENA               00000000000000000000003500000000004                 
7560001300008U 060000000000000000000000000000000000000000000000000000000000000000000000050000000000000050000000000000000000000000000000002510202425102024    00000000000000000000000                       792109575600000000000000000000       
7560001300009T 0605631000000200644540000028333901011     139416125800000025102024000000000040810341003750                         091000044218123829NATHALIA VIRGINIA GOMES                 00000000000000000000003500000000004                 
7560001300010U 060000000000000000000000000000000000000000000000000000000000000000000000408100000000000408100000000000000000000000000000002510202425102024    00000000000000000000000                       792091875600000000000000000000       
7560001300011T 0605631000000200644540000028336001011     139452125900000025102024000000000037100033029860                         091000041028268823RODRIGO SANTIEGO DA SILVA               00000000000000000000003500000000004                 
7560001300012U 060000000000000000000000000000000000000000000000000000000000000000000000371000000000000371000000000000000000000000000000002510202425102024    00000000000000000000000                       792086975600000000000000000000       
7560001300013T 0605631000000200644540000028451301011     144337213000000010112024000000000014000001068340                         091000038744936877GABRIELA GOMES TITANERO                 00000000000000000000003500000000004                 
7560001300014U 060000000000000000000000000000000000000000000000000000000000000000000000140000000000000140000000000000000000000000000000002510202425102024    00000000000000000000000                       792070875600000000000000000000       
75600015         00001600000700000000000168477000000000000000000000000000000000000000000000000000000000000000000000                                                                                                                             
75699999         000001000018000000                                                                                                                                                                                                             
