75600000         219895217000135                    05631000000200644540IWS CURSOS DE IDIOMAS LTDA    SICOOB                                  21202202508414500148308500000                                                                     
75600011T01  043 2019895217000135          563100002405631000000200644540IWS CURSOS DE IDIOMAS LTDA                                                                                    000000001202202500000000                                 
7560001300001T 0605631000000200644540000029411801011     143094143100000010022025000000000043259001058030                         091000017612949890ELISABETH NOGUEIRA MARTINS              00000000000000000000003500000000004                 
7560001300002U 060000000000008790000000000000000000000000000000000000000000000000000000441380000000000441380000000000000000000000000000001102202511022025    00000000000000000000000                       821054475600000000000000000000       
75600015         00000400000100000000000043259000000000000000000000000000000000000000000000000000000000000000000000                                                                                                                             
75699999         000001000006000000                                                                                                                                                                                                             
