75600000         229492820000120                    05631000000200873060ANEXA IDIOMAS LTDA            SICOOB                                  21309202408212600112508500000                                                                     
75600011T01  043 2029492820000120          563100002405631000000200873060ANEXA IDIOMAS LTDA                                                                                            000000001309202400000000                                 
7560001300001T 0905631000000200873060000025955101011     140537199200000015032024000000000032000756056310                         091000027230658802DAGMAR DE OLIVEIRA MOTA PENHA           00000000000000000000003500000000013                 
7560001300002U 090000000000000000000000000000000000000000000000000000000000000000000000000000000000000000000000000000000000000000000000001209202412092024    00000000000000000000000                       781402875600000000000000000000       
7560001300003T 0905631000000200873060000025958301011     137511686000000015032024000000000029589756056310                         091000088679497487PATRICIA FRAZAO DE OLIVEIRA             00000000000000000000003500000000013                 
7560001300004U 090000000000000000000000000000000000000000000000000000000000000000000000000000000000000000000000000000000000000000000000001209202412092024    00000000000000000000000                       781402975600000000000000000000       
7560001300005T 0905631000000200873060000025960901011     139575197600000015032024000000000037200756056310                         091000030970779879MARCIO DANIEL SANCHES                   00000000000000000000003500000000013                 
7560001300006U 090000000000000000000000000000000000000000000000000000000000000000000000000000000000000000000000000000000000000000000000001209202412092024    00000000000000000000000                       781403075600000000000000000000       
7560001300007T 0605631000000200873060000028065601011     141215197000000030092024000000000030000341082550                         091000000879236884RAQUEL DIAS RAMALHO                     00000000000000000000003500000000004                 
7560001300008U 060000000000000000000000000000000000000000000000000000000000000000000000300000000000000300000000000000000000000000000000001209202412092024    00000000000000000000000                       781200275600000000000000000000       
75600015         00001000000400000000000128789000000000000000000000000000000000000000000000000000000000000000000000                                                                                                                             
75699999         000001000012000000                                                                                                                                                                                                             
