75600000         219895217000135                    05631000000200644540IWS CURSOS DE IDIOMAS LTDA    SICOOB                                  21510202409012700141208500000                                                                     
75600011T01  043 2019895217000135          563100002405631000000200644540IWS CURSOS DE IDIOMAS LTDA                                                                                    000000001510202400000000                                 
7560001300001T 0905631000000200644540000026266101011     141102199600000015042024000000000005000756056310                         091000007704856693DELUMA AGUILAR HORTA                    00000000000000000000003500000000013                 
7560001300002U 090000000000000000000000000000000000000000000000000000000000000000000000000000000000000000000000000000000000000000000000001410202414102024    00000000000000000000000                       789574975600000000000000000000       
7560001300003T 0905631000000200644540000026267901011     140575199600000015042024000000000009000756056310                         091000007704856693DELUMA AGUILAR HORTA                    00000000000000000000003500000000013                 
7560001300004U 090000000000000000000000000000000000000000000000000000000000000000000000000000000000000000000000000000000000000000000000001410202414102024    00000000000000000000000                       789575075600000000000000000000       
7560001300005T 0905631000000200644540000026268601011     141868179000000015042024000000000005000756056310                         091000028751297833EMANOEL AGRIPINO PADUA                 00000000000000000000003500000000013                 
7560001300006U 090000000000000000000000000000000000000000000000000000000000000000000000000000000000000000000000000000000000000000000000001410202414102024    00000000000000000000000                       789575175600000000000000000000       
7560001300007T 0905631000000200644540000026269301011     138485179000000015042024000000000008000756056310                         091000028751297833EMANOEL AGRIPINO PADUA                 00000000000000000000003500000000013                 
7560001300008U 090000000000000000000000000000000000000000000000000000000000000000000000000000000000000000000000000000000000000000000000001410202414102024    00000000000000000000000                       789575275600000000000000000000       
7560001300009T 0905631000000200644540000026273301011     141089200700000015042024000000000009000756056310                         091000006158174670JOYCE ROBERTA LOPES DIAS                00000000000000000000003500000000013                 
7560001300010U 090000000000000000000000000000000000000000000000000000000000000000000000000000000000000000000000000000000000000000000000001410202414102024    00000000000000000000000                       789575375600000000000000000000       
7560001300011T 0905631000000200644540000026277201011     140128185400000015042024000000000009628756056310                         091000002688745492MARTA MIKAELLE TORRES                   00000000000000000000003500000000013                 
7560001300012U 090000000000000000000000000000000000000000000000000000000000000000000000000000000000000000000000000000000000000000000000001410202414102024    00000000000000000000000                       789575475600000000000000000000       
7560001300013T 0905631000000200644540000026280501011     137695192400000015042024000000000024750756056310                         091000025493112809VIVIAN MARQUES                          00000000000000000000003500000000013                 
7560001300014U 090000000000000000000000000000000000000000000000000000000000000000000000000000000000000000000000000000000000000000000000001410202414102024    00000000000000000000000                       789575575600000000000000000000       
7560001300015T 0905631000000200644540000026283701011     137910156000000015042024000000000026500756056310                         091000036374365828DRIELE PINHEIRO SANTOS                  00000000000000000000003500000000013                 
7560001300016U 090000000000000000000000000000000000000000000000000000000000000000000000000000000000000000000000000000000000000000000000001410202414102024    00000000000000000000000                       789575675600000000000000000000       
7560001300017T 0905631000000200644540000026288301011     138227141900000015042024000000000022142756056310                         091000000980658829FRANCISCA MIRIAN SOUZA SANTOS PINHEIRO  00000000000000000000003500000000013                 
7560001300018U 090000000000000000000000000000000000000000000000000000000000000000000000000000000000000000000000000000000000000000000000001410202414102024    00000000000000000000000                       789575775600000000000000000000       
7560001300019T 0905631000000200644540000026290901011     136245170400000015042024000000000018656756056310                         091000016027907878MARCIA SAPATA DA SILVA                  00000000000000000000003500000000013                 
7560001300020U 090000000000000000000000000000000000000000000000000000000000000000000000000000000000000000000000000000000000000000000000001410202414102024    00000000000000000000000                       789575875600000000000000000000       
7560001300021T 0905631000000200644540000026298701011     141648202300000015042024000000000005000756056310                         091000052570518859VITOR VIEIRA ALBUQUERQUE                00000000000000000000003500000000013                 
7560001300022U 090000000000000000000000000000000000000000000000000000000000000000000000000000000000000000000000000000000000000000000000001410202414102024    00000000000000000000000                       789575975600000000000000000000       
7560001300023T 0905631000000200644540000026343401011     141964199600000015042024000000000006000756056310                         091000007704856693DELUMA AGUILAR HORTA                    00000000000000000000003500000000013                 
7560001300024U 090000000000000000000000000000000000000000000000000000000000000000000000000000000000000000000000000000000000000000000000001410202414102024    00000000000000000000000                       789576075600000000000000000000       
7560001300025T 0605631000000200644540000028238301011     140797100900000015102024000000000007416237025200                         091000001652584625JOSE ARGENTINO DE OLIVEIRA NETO         00000000000000000000003500000000004                 
7560001300026U 060000000000000000000000000000000000000000000000000000000000000000000000074160000000000074160000000000000000000000000000001410202414102024    00000000000000000000000                       789160175600000000000000000000       
75600015         00002800001300000000000156092000000000000000000000000000000000000000000000000000000000000000000000                                                                                                                             
75699999         000001000030000000                                                                                                                                                                                                             
