75600000         229492820000120                    05631000000200873060ANEXA IDIOMAS LTDA            SICOOB                                  22105202408412300106308500000                                                                     
75600011T01  043 2029492820000120          563100002405631000000200873060ANEXA IDIOMAS LTDA                                                                                            000000002105202400000000                                 
7560001300001T 0905631000000200873060000024815601011     136035189100000020112023000000000032000756056310                         091000036517885803FERNANDO HENRIQUE CESTO ASCENSO         00000000000000000000003500000000013                 
7560001300002U 090000000000000000000000000000000000000000000000000000000000000000000000000000000000000000000000000000000000000000000000002005202420052024    00000000000000000000000                       751603675600000000000000000000       
7560001300003T 0905631000000200873060000024816301011     136991176100000020112023000000000023320756056310                         091000053020204836GUILHERME SILVA GONCALVES               00000000000000000000003500000000013                 
7560001300004U 090000000000000000000000000000000000000000000000000000000000000000000000000000000000000000000000000000000000000000000000002005202420052024    00000000000000000000000                       751603775600000000000000000000       
7560001300005T 0905631000000200873060000024817001011     138135193700000020112023000000000028000756056310                         091000014776191784ISIS GAUDERETO DRUMOND DE ABREU         00000000000000000000003500000000013                 
7560001300006U 090000000000000000000000000000000000000000000000000000000000000000000000000000000000000000000000000000000000000000000000002005202420052024    00000000000000000000000                       751603875600000000000000000000       
7560001300007T 0905631000000200873060000024819501011     138084164000000020112023000000000035000756056310                         091000040656002867MARCO RODRIGUES PEREIRA                 00000000000000000000003500000000013                 
7560001300008U 090000000000000000000000000000000000000000000000000000000000000000000000000000000000000000000000000000000000000000000000002005202420052024    00000000000000000000000                       751603975600000000000000000000       
7560001300009T 0605631000000200873060000026670601011     140589900000000020052024000000000263145341010170                         092060687639000119PLURY QUIMICAS                          00000000000000000000003500000000004                 
7560001300010U 060000000000000000000000000000000000000000000000000000000000000000000002631450000000002631450000000000000000000000000000002005202420052024    00000000000000000000000                       751439275600000000000000000000       
7560001300011T 0605631000000200873060000026701001011     139111186700000020052024000000000028970341071660                         091000032654262898DIEGO CESAR DE PAULA                    00000000000000000000003500000000004                 
7560001300012U 060000000000000000000000000000000000000000000000000000000000000000000000289700000000000289700000000000000000000000000000002005202420052024    00000000000000000000000                       751449375600000000000000000000       
7560001300013T 0605631000000200873060000026704101011     139363129800000020052024000000000017490341005590                         091000014026905845SOLANGE APARECIDA GRANGEIRO DE SOUZA    00000000000000000000003500000000004                 
7560001300014U 060000000000000000000000000000000000000000000000000000000000000000000000174900000000000174900000000000000000000000000000002005202420052024    00000000000000000000000                       751138675600000000000000000000       
7560001300015T 0605631000000200873060000026712001011     141594171900000020052024000000000022360033047230                         091000020533601860LUCIANA CARVALHO                        00000000000000000000003500000000004                 
7560001300016U 060000000000000000000000000000000000000000000000000000000000000000000000223600000000000223600000000000000000000000000000002005202420052024    00000000000000000000000                       751432775600000000000000000000       
75600015         00001800000800000000000450285000000000000000000000000000000000000000000000000000000000000000000000                                                                                                                             
75699999         000001000020000000                                                                                                                                                                                                             
