75600000         232970660000191                    05631000000200980140EDUULMC CURSOS DE IDIOMAS LTDASICOOB                                  21009202408234400090008500000                                                                     
75600011T01  043 2032970660000191          563100002405631000000200980140EDUULMC CURSOS DE IDIOMAS LTDA                                                                                000000001009202400000000                                 
7560001300001T 0905631000000200980140000025891801011     137778193000000010032024000000000026770756056310                         091000009143497403EMANUELA GLEDSA RODRIGUES RIOS          00000000000000000000003500000000013                 
7560001300002U 090000000000000000000000000000000000000000000000000000000000000000000000000000000000000000000000000000000000000000000000000909202409092024    00000000000000000000000                       779746375600000000000000000000       
7560001300003T 0905631000000200980140000025898901011     138448195700000010032024000000000019900756056310                         091000036406378873ALINE JENIFER BIM MONCAO                00000000000000000000003500000000013                 
7560001300004U 090000000000000000000000000000000000000000000000000000000000000000000000000000000000000000000000000000000000000000000000000909202409092024    00000000000000000000000                       779746475600000000000000000000       
7560001300005T 0905631000000200980140000025901701011     135288423000000010032024000000000026818756056310                         091000011279917792PETRIC RIOS BASTOS                      00000000000000000000003500000000013                 
7560001300006U 090000000000000000000000000000000000000000000000000000000000000000000000000000000000000000000000000000000000000000000000000909202409092024    00000000000000000000000                       779746575600000000000000000000       
7560001300007T 0905631000000200980140000025992701011     141669202600000010032024000000000035200756056310                         091000026814121883 LAIS CRISTINA COIMBRA BENTES           00000000000000000000003500000000013                 
7560001300008U 090000000000000000000000000000000000000000000000000000000000000000000000000000000000000000000000000000000000000000000000000909202409092024    00000000000000000000000                       779746675600000000000000000000       
7560001300009T 0905631000000200980140000025993401011     141654202400000010032024000000000032000756056310                         091000008992109610SUELY GONCALVES DA SILVA                00000000000000000000003500000000013                 
7560001300010U 090000000000000000000000000000000000000000000000000000000000000000000000000000000000000000000000000000000000000000000000000909202409092024    00000000000000000000000                       779746775600000000000000000000       
7560001300011T 0905631000000200980140000026055701011     141741203000000012032024000000000044550756056310                         091000011267673877LUCAS DA COSTA                          00000000000000000000003500000000013                 
7560001300012U 090000000000000000000000000000000000000000000000000000000000000000000000000000000000000000000000000000000000000000000000000909202409092024    00000000000000000000000                       779908175600000000000000000000       
7560001300013T 0605631000000200980140000027931601011     140616149500000010092024000000000018168756050040                         091000042109093862CELINA PEREIRA SANTIAGO                 00000000000000000000003500000000006                 
7560001300014U 060000000000000000000000000000000000000000000000000000000000000000000000181680000000000181680000000000000000000000000000000909202409092024    00000000000000000000000                       780140375600000000000000000000       
7560001300015T 0605631000000200980140000027934801011     141796203500000010092024000000000021000033009000                         091000014217408854RUTH PEREIRA FILHA SGROIA               00000000000000000000003500000000004                 
7560001300016U 060000000000000000000000000000000000000000000000000000000000000000000000210000000000000210000000000000000000000000000000000909202409092024    00000000000000000000000                       779599575600000000000000000000       
7560001300017T 0605631000000200980140000027942701011     140844423000000010092024000000000028427341013040                         091000011279917792PETRIC RIOS BASTOS                      00000000000000000000003500000000004                 
7560001300018U 060000000000000000000000000000000000000000000000000000000000000000000000284270000000000284270000000000000000000000000000000909202409092024    00000000000000000000000                       779919875600000000000000000000       
7560001300019T 0605631000000200980140000027967001011     143892211700000010092024000000000038720341037470                         091000024947309881FABIO ALVES BONNO                       00000000000000000000003500000000004                 
7560001300020U 060000000000000000000000000000000000000000000000000000000000000000000000387200000000000387200000000000000000000000000000000909202409092024    00000000000000000000000                       779679575600000000000000000000       
7560001300021T 0605631000000200980140000027968801011     143921211700000010092024000000000005000341037470                         091000024947309881FABIO ALVES BONNO                       00000000000000000000003500000000004                 
7560001300022U 060000000000000000000000000000000000000000000000000000000000000000000000050000000000000050000000000000000000000000000000000909202409092024    00000000000000000000000                       779620575600000000000000000000       
75600015         00002400001100000000000296553000000000000000000000000000000000000000000000000000000000000000000000                                                                                                                             
75699999         000001000026000000                                                                                                                                                                                                             
