75600000         219895217000135                    05631000000200644540IWS CURSOS DE IDIOMAS LTDA    SICOOB                                  20402202509024300147708500000                                                                     
75600011T01  043 2019895217000135          563100002405631000000200644540IWS CURSOS DE IDIOMAS LTDA                                                                                    000000000402202500000000                                 
7560001300001T 0905631000000200644540000027429101011     141048153300000005082024000000000035000756056310                         091000018506198836ALESSANDRA PEREIRA DA SILVA             00000000000000000000003500000000013                 
7560001300002U 090000000000000000000000000000000000000000000000000000000000000000000000000000000000000000000000000000000000000000000000000302202503022025    00000000000000000000000                       818163475600000000000000000000       
7560001300003T 0905631000000200644540000027431701011     139784188000000005082024000000000047700756056310                         091000013428220803EDIVANIA CONCEICAO MEDEIROS DA SILVA    00000000000000000000003500000000013                 
7560001300004U 090000000000000000000000000000000000000000000000000000000000000000000000000000000000000000000000000000000000000000000000000302202503022025    00000000000000000000000                       818163675600000000000000000000       
7560001300005T 0905631000000200644540000027437001011     141201201300000005082024000000000035000756056310                         091000048357994881HENRIQUE ADRIANO DE SOUSA SANTOS        00000000000000000000003500000000013                 
7560001300006U 090000000000000000000000000000000000000000000000000000000000000000000000000000000000000000000000000000000000000000000000000302202503022025    00000000000000000000000                       818163875600000000000000000000       
7560001300007T 0905631000000200644540000027439501011     141803138800000005082024000000000045000756056310                         091000027156202847DEBORA FERREIRA TRINDADE                00000000000000000000003500000000013                 
7560001300008U 090000000000000000000000000000000000000000000000000000000000000000000000000000000000000000000000000000000000000000000000000302202503022025    00000000000000000000000                       818164075600000000000000000000       
7560001300009T 0905631000000200644540000027443501011     137986119800000005082024000000000021200756056310                         091000029939095848DIEGO GOMES                             00000000000000000000003500000000013                 
7560001300010U 090000000000000000000000000000000000000000000000000000000000000000000000000000000000000000000000000000000000000000000000000302202503022025    00000000000000000000000                       818164275600000000000000000000       
7560001300011T 0905631000000200644540000029283401011     139107143000000031012025000000000038503756056310                         091000041922650870DEBORA SIQUEIRA DA SILVA                00000000000000000000003500000000009                 
7560001300012U 090000000000000000000000000000000000000000000000000000000000000000000000000000000000000000000000000000000000000000000000000302202503022025    00000000000000000000000                       817800675600000000000000000000       
7560001300013T 0605631000000200644540000029341701011     142727733000000005022025000000000032027341065600                         091000002135412899FELICIA DEL GALLO ROCHA                 00000000000000000000003500000000004                 
7560001300014U 060000000000000000000000000000000000000000000000000000000000000000000000320270000000000320270000000000000000000000000000000302202503022025    00000000000000000000000                       817893475600000000000000000000       
7560001300015T 0605631000000200644540000029347001011     144854148600000005022025000000000037079104002710                         091000025313672843FABIOLA GURGEL                          00000000000000000000003500000000004                 
7560001300016U 060000000000000000000000000000000000000000000000000000000000000000000000370790000000000370790000000000000000000000000000000302202503022025    00000000000000000000000                       817945675600000000000000000000       
7560001300017T 0605631000000200644540000029350301011     141507169600000005022025000000000030740104002710                         091000025313672843FABIOLA GURGEL                          00000000000000000000003500000000004                 
7560001300018U 060000000000000000000000000000000000000000000000000000000000000000000000307400000000000307400000000000000000000000000000000302202503022025    00000000000000000000000                       817820775600000000000000000000       
7560001300019T 0605631000000200644540000029397901011     143568157000000010022025000000000056180001001400                         091000007057855990KAUANNE FERREIRA DE MELO                00000000000000000000003500000000004                 
7560001300020U 060000000000000000000000000000000000000000000000000000000000000000000000561800000000000561800000000000000000000000000000000302202503022025    00000000000000000000000                       817802875600000000000000000000       
75600015         00002200001000000000000378429000000000000000000000000000000000000000000000000000000000000000000000                                                                                                                             
75699999         000001000024000000                                                                                                                                                                                                             
