75600000         229492820000120                    05631000000200873060ANEXA IDIOMAS LTDA            SICOOB                                  23008202408431000111608500000                                                                     
75600011T01  043 2029492820000120          563100002405631000000200873060ANEXA IDIOMAS LTDA                                                                                            000000003008202400000000                                 
7560001300001T 0905631000000200873060000025783401011     141137198000000001032024000000000010000756056310                         091000026605186885ARIANA ACQUESTA CANAL                   00000000000000000000003500000000013                 
7560001300002U 090000000000000000000000000000000000000000000000000000000000000000000000000000000000000000000000000000000000000000000000002908202429082024    00000000000000000000000                       777204975600000000000000000000       
7560001300003T 0905631000000200873060000025784101011     141156198000000001032024000000000005000756056310                         091000026605186885ARIANA ACQUESTA CANAL                   00000000000000000000003500000000013                 
7560001300004U 090000000000000000000000000000000000000000000000000000000000000000000000000000000000000000000000000000000000000000000000002908202429082024    00000000000000000000000                       777205175600000000000000000000       
7560001300005T 0605631000000200873060000027893801011     141917204200000010092024000000000022880341073860                         091000041101415835CAROLINE BRITO DE DEUS OLIVEIRA         00000000000000000000003500000000004                 
7560001300006U 060000000000000000000000000000000000000000000000000000000000000000000000228800000000000228800000000000000000000000000000002908202429082024    00000000000000000000000                       777073975600000000000000000000       
75600015         00000800000300000000000037880000000000000000000000000000000000000000000000000000000000000000000000                                                                                                                             
75699999         000001000010000000                                                                                                                                                                                                             
