75600000         232970660000191                    05631000000200980140EDUULMC CURSOS DE IDIOMAS LTDASICOOB                                  21809202408025600090508500000                                                                     
75600011T01  043 2032970660000191          563100002405631000000200980140EDUULMC CURSOS DE IDIOMAS LTDA                                                                                000000001809202400000000                                 
7560001300001T 0905631000000200980140000026041401011     137583154600000020032024000000000025652756056310                         091000052300786850LUIS ROBERTO OLIVEIRA                   00000000000000000000003500000000013                 
7560001300002U 090000000000000000000000000000000000000000000000000000000000000000000000000000000000000000000000000000000000000000000000001709202417092024    00000000000000000000000                       782709275600000000000000000000       
7560001300003T 0605631000000200980140000028006401011     142392175600000020092024000000000024719001001630                         091000043947232802FELLIPE FONSECA                         00000000000000000000003500000000004                 
7560001300004U 060000000000000000000000000000000000000000000000000000000000000000000000247190000000000247190000000000000000000000000000001709202417092024    00000000000000000000000                       782472075600000000000000000000       
75600015         00000600000200000000000050371000000000000000000000000000000000000000000000000000000000000000000000                                                                                                                             
75699999         000001000008000000                                                                                                                                                                                                             
