75600000         219895217000135                    05631000000200644540IWS CURSOS DE IDIOMAS LTDA    SICOOB                                  21211202410253300142908500000                                                                     
75600011T01  043 2019895217000135          563100002405631000000200644540IWS CURSOS DE IDIOMAS LTDA                                                                                    000000001211202400000000                                 
7560001300001T 0605631000000200644540000028379701011     142628193400000010112024000000000033920341040530                         091000017533829808CLEBER ANTONIO CHINELATO                00000000000000000000003500000000004                 
7560001300002U 060000000000000000000000000000000000000000000000000000000000000000000000339200000000000339200000000000000000000000000000001111202411112024    00000000000000000000000                       796175875600000000000000000000       
7560001300003T 0605631000000200644540000028427601011     144042120100000010112024000000000034607033002360                         091000037917191818JACQUELINE ALVES TAMURA                 00000000000000000000003500000000004                 
7560001300004U 060000000000000000000000000000000000000000000000000000000000000000000000346070000000000346070000000000000000000000000000001111202411112024    00000000000000000000000                       796139375600000000000000000000       
7560001300005T 0605631000000200644540000028428301011     140467198600000010112024000000000026700001070710                         091000013507076861ALEXANDRE LEAO LUCCHESI                 00000000000000000000003500000000004                 
7560001300006U 060000000000000000000000000000000000000000000000000000000000000000000000267000000000000267000000000000000000000000000000001111202411112024    00000000000000000000000                       795811775600000000000000000000       
7560001300007T 0605631000000200644540000028435501011     141420169700000010112024000000000030740077000010                         091000028580799864BRUNO LIGUORI PESCE                     00000000000000000000003500000000004                 
7560001300008U 060000000000000000000000000000000000000000000000000000000000000000000000307400000000000307400000000000000000000000000000001111202411112024    00000000000000000000000                       796626675600000000000000000000       
7560001300009T 0605631000000200644540000028436201011     139715183000000010112024000000000028302237005930                         091000032988336814CARLOS HENRIQUE DE OLIVEIRA             00000000000000000000003500000000004                 
7560001300010U 060000000000000000000000000000000000000000000000000000000000000000000000283020000000000283020000000000000000000000000000001111202411112024    00000000000000000000000                       796146175600000000000000000000       
7560001300011T 0605631000000200644540000028456001011     142772256000000010112024000000000039551001067610                         091000007810479865IDERALDO ELMER RIBEIRO                  00000000000000000000003500000000004                 
7560001300012U 060000000000000000000000000000000000000000000000000000000000000000000000395510000000000395510000000000000000000000000000001111202411112024    00000000000000000000000                       795812775600000000000000000000       
7560001300013T 0605631000000200644540000028457701011     141280201700000010112024000000000020000341074220                         091000009727368670ISABELA KRISTINA MESQUITA SILVA         00000000000000000000003500000000004                 
7560001300014U 060000000000000000000000000000000000000000000000000000000000000000000000200000000000000200000000000000000000000000000000001111202411112024    00000000000000000000000                       796172275600000000000000000000       
7560001300015T 0605631000000200644540000028459101011     143424207900000010112024000000000032000033022710                         091000014810831710ISABELLE SILVA MENDES                   00000000000000000000003500000000004                 
7560001300016U 060000000000000000000000000000000000000000000000000000000000000000000000320000000000000320000000000000000000000000000000001111202411112024    00000000000000000000000                       795833275600000000000000000000       
7560001300017T 0605631000000200644540000028461701011     142406264000000010112024000000000024719033010360                         091000026634012857JERRISLEI BENTO NOGUEIRA                00000000000000000000003500000000004                 
7560001300018U 060000000000000000000000000000000000000000000000000000000000000000000000247190000000000247190000000000000000000000000000001111202411112024    00000000000000000000000                       795793075600000000000000000000       
7560001300019T 0605631000000200644540000028466301011     143223178400000010112024000000000022472104002500                         091000025385360813BENEDITA BISPO DA HORA                  00000000000000000000003500000000004                 
7560001300020U 060000000000000000000000000000000000000000000000000000000000000000000000224720000000000224720000000000000000000000000000001111202411112024    00000000000000000000000                       795809175600000000000000000000       
7560001300021T 0605631000000200644540000028477401011     140255182700000010112024000000000025472237005930                         091000039053153861SAMMYA M. DA S. SOUSA                   00000000000000000000003500000000004                 
7560001300022U 060000000000000000000000000000000000000000000000000000000000000000000000254720000000000254720000000000000000000000000000001111202411112024    00000000000000000000000                       796626575600000000000000000000       
7560001300023T 0605631000000200644540000028482101011     140291187300000010112024000000000031800033000600                         091000032837190802THAIS CRISTINA DA COSTA GHIDELLI CAMPOS 00000000000000000000003500000000004                 
7560001300024U 060000000000000000000000000000000000000000000000000000000000000000000000318000000000000318000000000000000000000000000000001111202411112024    00000000000000000000000                       796626475600000000000000000000       
7560001300025T 0605631000000200644540000028488501011     139703134100000010112024000000000040810341040530                         091000017533829808CLEBER ANTONIO CHINELATO                00000000000000000000003500000000004                 
7560001300026U 060000000000000000000000000000000000000000000000000000000000000000000000408100000000000408100000000000000000000000000000001111202411112024    00000000000000000000000                       796094575600000000000000000000       
7560001300027T 0605631000000200644540000028490001011     139727134400000010112024000000000036729341040530                         091000017533829808CLEBER ANTONIO CHINELATO                00000000000000000000003500000000004                 
7560001300028U 060000000000000000000000000000000000000000000000000000000000000000000000367290000000000367290000000000000000000000000000001111202411112024    00000000000000000000000                       796029575600000000000000000000       
7560001300029T 0605631000000200644540000028492501011     140630128000000010112024000000000030905341001670                         091000098638726287DAN SHINKAI                             00000000000000000000003500000000004                 
7560001300030U 060000000000000000000000000000000000000000000000000000000000000000000000309050000000000309050000000000000000000000000000001111202411112024    00000000000000000000000                       796626375600000000000000000000       
7560001300031T 0605631000000200644540000028562601011     143032240000000009112024000000000185235341000460                         092062430194000112BRASPAR                                 00000000000000000000003500000000004                 
7560001300032U 060000000000000000000000000000000000000000000000000000000000000000000001852350000000001852350000000000000000000000000000001111202411112024    00000000000000000000000                       796181875600000000000000000000       
7560001300033T 0605631000000200644540000028563301011     143521210000000010112024000000000425855341014800                         092004731867000178INNOVAPACK                              00000000000000000000003500000000004                 
7560001300034U 060000000000000000000000000000000000000000000000000000000000000000000004258550000000004258550000000000000000000000000000001111202411112024    00000000000000000000000                       796626175600000000000000000000       
7560001300035T 0605631000000200644540000028571201011     140147391000000015112024000000000014712341031500                         091000032679656830MAURO AUGUSTO LINO DE ARAUJO            00000000000000000000003500000000004                 
7560001300036U 060000000000000000000000000000000000000000000000000000000000000000000000147120000000000147120000000000000000000000000000001111202411112024    00000000000000000000000                       796626275600000000000000000000       
75600015         00003800001800000000001084529000000000000000000000000000000000000000000000000000000000000000000000                                                                                                                             
75699999         000001000040000000                                                                                                                                                                                                             
