75600000         232970660000191                    05631000000200980140EDUULMC CURSOS DE IDIOMAS LTDASICOOB                                  21211202410253300092808500000                                                                     
75600011T01  043 2032970660000191          563100002405631000000200980140EDUULMC CURSOS DE IDIOMAS LTDA                                                                                000000001211202400000000                                 
7560001300001T 0605631000000200980140000028534001011     142007152300000010112024000000000043259341040530                         091000017533829808CLEBER ANTONIO CHINELATO                00000000000000000000003500000000004                 
7560001300002U 060000000000000000000000000000000000000000000000000000000000000000000000432590000000000432590000000000000000000000000000001111202411112024    00000000000000000000000                       795977175600000000000000000000       
7560001300003T 0605631000000200980140000028536401011     141798203500000010112024000000000021000033009000                         091000014217408854RUTH PEREIRA FILHA SGROIA               00000000000000000000003500000000004                 
7560001300004U 060000000000000000000000000000000000000000000000000000000000000000000000210000000000000210000000000000000000000000000000001111202411112024    00000000000000000000000                       795793975600000000000000000000       
7560001300005T 0605631000000200980140000028547501011     141662202400000010112024000000000032000033022710                         091000008992109610SUELY GONCALVES DA SILVA                00000000000000000000003500000000004                 
7560001300006U 060000000000000000000000000000000000000000000000000000000000000000000000320000000000000320000000000000000000000000000000001111202411112024    00000000000000000000000                       796634075600000000000000000000       
7560001300007T 0605631000000200980140000028552201011     142151173800000010112024000000000016517001047520                         091000050020255870VITOR ANTUNES PEREIRA                   00000000000000000000003500000000004                 
7560001300008U 060000000000000000000000000000000000000000000000000000000000000000000000165170000000000165170000000000000000000000000000001111202411112024    00000000000000000000000                       795813975600000000000000000000       
7560001300009T 0605631000000200980140000028553001011     144338209400000010112024000000000022925260000010                         091000054077099889JULIA ALMEIDA REIS                      00000000000000000000003500000000004                 
7560001300010U 060000000000000000000000000000000000000000000000000000000000000000000000229250000000000229250000000000000000000000000000001111202411112024    00000000000000000000000                       795885475600000000000000000000       
75600015         00001200000500000000000135701000000000000000000000000000000000000000000000000000000000000000000000                                                                                                                             
75699999         000001000014000000                                                                                                                                                                                                             
