75600000         219895217000135                    05631000000200644540IWS CURSOS DE IDIOMAS LTDA    SICOOB                                  20209202410131000138308500000                                                                     
75600011T01  043 2019895217000135          563100002405631000000200644540IWS CURSOS DE IDIOMAS LTDA                                                                                    000000000209202400000000                                 
7560001300001T 0605631000000200644540000026812501011     139818183100000005062024000000000028302033010360                         091000034078049893ELLEN DOS SANTOS FRANCO                 00000000000000000000003500000000004                 
7560001300002U 060000000000013400000000000000000000000000000000000000000000000000000000296420000000000296420000000000000000000000000000003008202430082024    00000000000000000000000                       777360575600000000000000000000       
7560001300003T 0605631000000200644540000027692001011     143014207400000030082024000000000070400033009190                         091000022974269842GRACIELLE DE SOUSA ANDRADE              00000000000000000000003500000000004                 
7560001300004U 060000000000000000000000000000000000000000000000000000000000000000000000704000000000000704000000000000000000000000000000003008202430082024    00000000000000000000000                       777360475600000000000000000000       
7560001300005T 0605631000000200644540000027697601011     142969207200000030082024000000000034320341051410                         091000010402298918LUIGI SILVA FILIPPETTO                  00000000000000000000003500000000004                 
7560001300006U 060000000000000000000000000000000000000000000000000000000000000000000000343200000000000343200000000000000000000000000000003008202430082024    00000000000000000000000                       777372975600000000000000000000       
7560001300007T 0605631000000200644540000027699001011     141067200300000030082024000000000018000237014070                         091000022964726809LUANA NETA DE MEDEIROS                  00000000000000000000003500000000004                 
7560001300008U 060000000000000000000000000000000000000000000000000000000000000000000000180000000000000180000000000000000000000000000000003008202430082024    00000000000000000000000                       777354475600000000000000000000       
7560001300009T 0605631000000200644540000027702901011     142957207100000030082024000000000034320341085760                         091000005628080942RAPHAELA FILIPPETTO                     00000000000000000000003500000000004                 
7560001300010U 060000000000000000000000000000000000000000000000000000000000000000000000343200000000000343200000000000000000000000000000003008202430082024    00000000000000000000000                       777377475600000000000000000000       
7560001300011T 0605631000000200644540000027705001011     139474542000000031082024000000000038503001012670                         091000018743687830TANIA CORREA DA SILVA                   00000000000000000000003500000000004                 
7560001300012U 060000000000000000000000000000000000000000000000000000000000000000000000385030000000000385030000000000000000000000000000003008202430082024    00000000000000000000000                       777342475600000000000000000000       
7560001300013T 0605631000000200644540000027709001011     142088323000000030082024000000000025872341008660                         091000004471029908LEANDRO AUGUSTO CALIXTO                 00000000000000000000003500000000004                 
7560001300014U 060000000000000000000000000000000000000000000000000000000000000000000000258720000000000258720000000000000000000000000000003008202430082024    00000000000000000000000                       777262675600000000000000000000       
7560001300015T 0605631000000200644540000027710801011     137974389000000030082024000000000192468033021460                         091000011588248828MAURICIO MARTINELLI SILVA LUPERI        00000000000000000000003500000000004                 
7560001300016U 060000000000000000000000000000000000000000000000000000000000000000000001924680000000001924680000000000000000000000000000003008202430082024    00000000000000000000000                       777254875600000000000000000000       
7560001300017T 0605631000000200644540000027799201011     143834194900000030082024000000000021000033039610                         091000045242750880CAMILA CARVALHO BARBOSA NEVES DIAS      00000000000000000000003500000000004                 
7560001300018U 060000000000000000000000000000000000000000000000000000000000000000000000210000000000000210000000000000000000000000000000003008202430082024    00000000000000000000000                       777257775600000000000000000000       
7560001300019T 0605631000000200644540000027949801011     143851211400000030082024000000000028700237011770                         091000031906088810JEZABEL ROSA MORAES HOLANDA             00000000000000000000003500000000004                 
7560001300020U 060000000000000000000000000000000000000000000000000000000000000000000000287000000000000287000000000000000000000000000000003008202430082024    00000000000000000000000                       777353875600000000000000000000       
7560001300021T 0605631000000200644540000027951301011     143838211300000030082024000000000038700260000010                         091000042656568897LAYANA BRITO LIMA                       00000000000000000000003500000000004                 
7560001300022U 060000000000000000000000000000000000000000000000000000000000000000000000387000000000000387000000000000000000000000000000003008202430082024    00000000000000000000000                       777322975600000000000000000000       
75600015         00002400001100000000000530585000000000000000000000000000000000000000000000000000000000000000000000                                                                                                                             
75699999         000001000026000000                                                                                                                                                                                                             
