75600000         219895217000135                    05631000000200644540IWS CURSOS DE IDIOMAS LTDA    SICOOB                                  21209202409011800139108500000                                                                     
75600011T01  043 2019895217000135          563100002405631000000200644540IWS CURSOS DE IDIOMAS LTDA                                                                                    000000001209202400000000                                 
7560001300001T 0605631000000200644540000027880501011     140628128000000010092024000000000030905033001540                         091000098638726287DAN SHINKAI                             00000000000000000000003500000000004                 
7560001300002U 060000000000006280000000000000000000000000000000000000000000000000000000315330000000000315330000000000000000000000000000001109202411092024    00000000000000000000000                       780903975600000000000000000000       
7560001300003T 0605631000000200644540000027883701011     138887124200000015092024000000000036729237001560                         091000017129471840LISANDRA MARQUES ALISEDA SEDRANI        00000000000000000000003500000000004                 
7560001300004U 060000000000000000000000000000000000000000000000000000000000000000000000367290000000000367290000000000000000000000000000001109202411092024    00000000000000000000000                       781089175600000000000000000000       
75600015         00000600000200000000000067634000000000000000000000000000000000000000000000000000000000000000000000                                                                                                                             
75699999         000001000008000000                                                                                                                                                                                                             
