75600000         229492820000120                    05631000000200873060ANEXA IDIOMAS LTDA            SICOOB                                  20207202409023800108408500000                                                                     
75600011T01  043 2029492820000120          563100002405631000000200873060ANEXA IDIOMAS LTDA                                                                                            000000000207202400000000                                 
7560001300001T 0605631000000200873060000027107101011     139268186000000030062024000000000030000341022790                         091000032827595842JONATHAN ARAUJO DE SOUZA                00000000000000000000003500000000004                 
7560001300002U 060000000000000000000000000000000000000000000000000000000000000000000000300000000000000300000000000000000000000000000000000107202401072024    00000000000000000000000                       761410775600000000000000000000       
7560001300003T 0605631000000200873060000027110401011     138908186100000030062024000000000028970341080320                         091000022328841805RICARDO MOREIRA BORGES                  00000000000000000000003500000000004                 
7560001300004U 060000000000000000000000000000000000000000000000000000000000000000000000289700000000000289700000000000000000000000000000000107202401072024    00000000000000000000000                       761420475600000000000000000000       
7560001300005T 0605631000000200873060000027207301011     140818139100000010072024000000000060674260000010                         091000035044873802LUCAS DA PAZ PEDRO                      00000000000000000000003500000000004                 
7560001300006U 060000000000000000000000000000000000000000000000000000000000000000000000606740000000000606740000000000000000000000000000000107202401072024    00000000000000000000000                       761754975600000000000000000000       
7560001300007T 0605631000000200873060000027292001011     141080200600000015072024000000000022000341070550                         091000017121273810MARCIA CASTRO OLIVEIRA                  00000000000000000000003500000000004                 
7560001300008U 060000000000000000000000000000000000000000000000000000000000000000000000220000000000000220000000000000000000000000000000000107202401072024    00000000000000000000000                       761639075600000000000000000000       
75600015         00001000000400000000000141644000000000000000000000000000000000000000000000000000000000000000000000                                                                                                                             
75699999         000001000012000000                                                                                                                                                                                                             
