75600000         219895217000135                    05631000000200644540IWS CURSOS DE IDIOMAS LTDA    SICOOB                                  20210202413473400140208500000                                                                     
75600011T01  043 2019895217000135          563100002405631000000200644540IWS CURSOS DE IDIOMAS LTDA                                                                                    000000000210202400000000                                 
7560001300001T 0605631000000200644540000028029301011     139103143000000030092024000000000038503341019760                         091000041922650870DEBORA SIQUEIRA DA SILVA                00000000000000000000003500000000004                 
7560001300002U 060000000000007830000000000000000000000000000000000000000000000000000000392860000000000392860000000000000000000000000000000110202401102024    00000000000000000000000                       785511475600000000000000000000       
7560001300003T 0605631000000200644540000028049001011     139475542000000030092024000000000038503001012670                         091000018743687830TANIA CORREA DA SILVA                   00000000000000000000003500000000004                 
7560001300004U 060000000000007830000000000000000000000000000000000000000000000000000000392860000000000392860000000000000000000000000000000110202401102024    00000000000000000000000                       785480775600000000000000000000       
7560001300005T 0605631000000200644540000028090301011     141614202100000005102024000000000030000033010360                         091000029247398886ANGELA MARIA DIAS DOS REIS              00000000000000000000003500000000004                 
7560001300006U 060000000000000000000000000000000000000000000000000000000000000000000000300000000000000300000000000000000000000000000000000110202401102024    00000000000000000000000                       785657375600000000000000000000       
7560001300007T 0605631000000200644540000028091001011     143926202100000005102024000000000007500033010360                         091000029247398886ANGELA MARIA DIAS DOS REIS              00000000000000000000003500000000004                 
7560001300008U 060000000000000000000000000000000000000000000000000000000000000000000000075000000000000075000000000000000000000000000000000110202401102024    00000000000000000000000                       785667175600000000000000000000       
7560001300009T 0605631000000200644540000028094201011     139152148600000005102024000000000028334104002710                         091000025313672843FABIOLA GURGEL                          00000000000000000000003500000000004                 
7560001300010U 060000000000000000000000000000000000000000000000000000000000000000000000283340000000000283340000000000000000000000000000000110202401102024    00000000000000000000000                       785489975600000000000000000000       
7560001300011T 0605631000000200644540000028097401011     141503169600000005102024000000000030740104002710                         091000025313672843FABIOLA GURGEL                          00000000000000000000003500000000004                 
7560001300012U 060000000000000000000000000000000000000000000000000000000000000000000000307400000000000307400000000000000000000000000000000110202401102024    00000000000000000000000                       785527975600000000000000000000       
7560001300013T 0605631000000200644540000028103401011     142429595000000005102024000000000028302033010360                         091000098867539000LUCIANA HISAYO ENDO                     00000000000000000000003500000000004                 
7560001300014U 060000000000000000000000000000000000000000000000000000000000000000000000283020000000000283020000000000000000000000000000000110202401102024    00000000000000000000000                       785501975600000000000000000000       
7560001300015T 0605631000000200644540000028104101011     140182420000000005102024000000000028230033039610                         091000011632733846PAULO SERGIO GONCALVES DE OLIVEIRA      00000000000000000000003500000000004                 
7560001300016U 060000000000000000000000000000000000000000000000000000000000000000000000282300000000000282300000000000000000000000000000000110202401102024    00000000000000000000000                       785505175600000000000000000000       
7560001300017T 0605631000000200644540000028106601011     143318155700000005102024000000000028090341066900                         091000043483096809SABRINA DE OLIVEIRA TAVARES             00000000000000000000003500000000004                 
7560001300018U 060000000000000000000000000000000000000000000000000000000000000000000000280900000000000280900000000000000000000000000000000110202401102024    00000000000000000000000                       785641275600000000000000000000       
7560001300019T 0605631000000200644540000028130301011     139140207000000010102024000000000032762001029220                         091000009240151796FABIANA CRISTINA DE OLIVEIRA            00000000000000000000003500000000004                 
7560001300020U 060000000000000000000000000000000000000000000000000000000000000000000000327620000000000327620000000000000000000000000000000110202401102024    00000000000000000000000                       785482675600000000000000000000       
7560001300021T 0605631000000200644540000028160401011     143564157000000010102024000000000056180001001400                         091000007057855990KAUANNE FERREIRA DE MELO                00000000000000000000003500000000004                 
7560001300022U 060000000000000000000000000000000000000000000000000000000000000000000000561800000000000561800000000000000000000000000000000110202401102024    00000000000000000000000                       785599075600000000000000000000       
75600015         00002400001100000000000347144000000000000000000000000000000000000000000000000000000000000000000000                                                                                                                             
75699999         000001000026000000                                                                                                                                                                                                             
