75600000         219895217000135                    05631000000200644540IWS CURSOS DE IDIOMAS LTDA    SICOOB                                  21608202408213800137308500000                                                                     
75600011T01  043 2019895217000135          563100002405631000000200644540IWS CURSOS DE IDIOMAS LTDA                                                                                    000000001608202400000000                                 
7560001300001T 0605631000000200644540000027549001011     139760131000000015082024000000000014711085011630                         091000004099091902DANIEL FELIPE FILACHOWSKI               00000000000000000000003500000000004                 
7560001300002U 060000000000000000000000000000000000000000000000000000000000000000000000147110000000000147110000000000000000000000000000001508202415082024    00000000000000000000000                       773885775600000000000000000000       
7560001300003T 0605631000000200644540000027553001011     142100192300000015082024000000000026235341010240                         091000039856088810LUCAS DE PAULA OLTREMARI                00000000000000000000003500000000004                 
7560001300004U 060000000000000000000000000000000000000000000000000000000000000000000000262350000000000262350000000000000000000000000000001508202415082024    00000000000000000000000                       773869775600000000000000000000       
7560001300005T 0605631000000200644540000027554801011     143414192300000015082024000000000005000341010240                         091000039856088810LUCAS DE PAULA OLTREMARI                00000000000000000000003500000000004                 
7560001300006U 060000000000000000000000000000000000000000000000000000000000000000000000050000000000000050000000000000000000000000000000001508202415082024    00000000000000000000000                       773899375600000000000000000000       
7560001300007T 0605631000000200644540000027555501011     140096185300000015082024000000000009628237002860                         091000009526613490MARIA EMILIA DE SOUZA SILVA             00000000000000000000003500000000004                 
7560001300008U 060000000000000000000000000000000000000000000000000000000000000000000000096280000000000096280000000000000000000000000000001508202415082024    00000000000000000000000                       774069375600000000000000000000       
7560001300009T 0605631000000200644540000027559401011     139402129900000015082024000000000045000033007280                         091000028789640802MONALIZA MARIA ALVES                    00000000000000000000003500000000004                 
7560001300010U 060000000000000000000000000000000000000000000000000000000000000000000000450000000000000450000000000000000000000000000000001508202415082024    00000000000000000000000                       773859975600000000000000000000       
7560001300011T 0605631000000200644540000027564101011     139748163300000015082024000000000019080341031500                         091000030578064812CLEBER ROBERTO BERGER                   00000000000000000000003500000000004                 
7560001300012U 060000000000000000000000000000000000000000000000000000000000000000000000190800000000000190800000000000000000000000000000001508202415082024    00000000000000000000000                       774089275600000000000000000000       
7560001300013T 0605631000000200644540000027566601011     139796189800000015082024000000000021094633000010                         091000032297933827THALITA ALESSANDRA DE SOUZA             00000000000000000000003500000000004                 
7560001300014U 060000000000000000000000000000000000000000000000000000000000000000000000210940000000000210940000000000000000000000000000001508202415082024    00000000000000000000000                       773927375600000000000000000000       
7560001300015T 0605631000000200644540000027567301011     141699124000000015082024000000000035000033001400                         091000052522627805ERIC VINICIUS DA SILVA MARTINS          00000000000000000000003500000000004                 
7560001300016U 060000000000000000000000000000000000000000000000000000000000000000000000350000000000000350000000000000000000000000000000001508202415082024    00000000000000000000000                       774076675600000000000000000000       
7560001300017T 0605631000000200644540000027568001011     139126131900000015082024000000000065720341038090                         091000027899694850EVANDRO DE SANTANA CAVICCHIO            00000000000000000000003500000000004                 
7560001300018U 060000000000000000000000000000000000000000000000000000000000000000000000657200000000000657200000000000000000000000000000001508202415082024    00000000000000000000000                       773872475600000000000000000000       
7560001300019T 0605631000000200644540000027569801011     142565206500000015082024000000000037000033043390                         091000032100160893FERNANDA GHIRALDI NOBRE                 00000000000000000000003500000000004                 
7560001300020U 060000000000000000000000000000000000000000000000000000000000000000000000370000000000000370000000000000000000000000000000001508202415082024    00000000000000000000000                       774081375600000000000000000000       
7560001300021T 0605631000000200644540000027572001011     140771190300000015082024000000000015900633000010                         091000032297933827THALITA ALESSANDRA DE SOUZA             00000000000000000000003500000000004                 
7560001300022U 060000000000000000000000000000000000000000000000000000000000000000000000159000000000000159000000000000000000000000000000001508202415082024    00000000000000000000000                       773931975600000000000000000000       
7560001300023T 0605631000000200644540000027573801011     142288205400000015082024000000000032000341088120                         091000033338296819LEIDIANE DOS SANTOS GOMES               00000000000000000000003500000000004                 
7560001300024U 060000000000000000000000000000000000000000000000000000000000000000000000320000000000000320000000000000000000000000000000001508202415082024    00000000000000000000000                       774096275600000000000000000000       
7560001300025T 0605631000000200644540000027574501011     138898158300000015082024000000000069960237003680                         091000024985557811VIVIANE MAGLIANO                        00000000000000000000003500000000004                 
7560001300026U 060000000000000000000000000000000000000000000000000000000000000000000000699600000000000699600000000000000000000000000000001508202415082024    00000000000000000000000                       774069475600000000000000000000       
7560001300027T 0605631000000200644540000027575201011     141009199300000015082024000000000019000001067610                         091000016909083865CATIA CIRLENE DE OLIVEIRA SANTOS        00000000000000000000003500000000004                 
7560001300028U 060000000000000000000000000000000000000000000000000000000000000000000000190000000000000190000000000000000000000000000000001508202415082024    00000000000000000000000                       773841575600000000000000000000       
7560001300029T 0605631000000200644540000027576001011     141852203800000015082024000000000018000341038090                         091000028048739860MARCELO DORNAS PANHOTTA NEVES           00000000000000000000003500000000004                 
7560001300030U 060000000000000000000000000000000000000000000000000000000000000000000000180000000000000180000000000000000000000000000000001508202415082024    00000000000000000000000                       773900575600000000000000000000       
7560001300031T 0605631000000200644540000027577701011     141840203700000015082024000000000020000341038090                         091000028048739860MARCELO DORNAS PANHOTTA NEVES           00000000000000000000003500000000004                 
7560001300032U 060000000000000000000000000000000000000000000000000000000000000000000000200000000000000200000000000000000000000000000000001508202415082024    00000000000000000000000                       773912975600000000000000000000       
7560001300033T 0605631000000200644540000027579101011     139534185600000015082024000000000028000341020000                         091000049482848829WEVERTON BATISTA DOS SANTOS             00000000000000000000003500000000004                 
7560001300034U 060000000000000000000000000000000000000000000000000000000000000000000000280000000000000280000000000000000000000000000000001508202415082024    00000000000000000000000                       774087975600000000000000000000       
7560001300035T 0605631000000200644540000027608001011     143517748000000015082024000000000042442033034090                         091000051097253813GABRIELA HIGA MONJAR SECKLER            00000000000000000000003500000000004                 
7560001300036U 060000000000000000000000000000000000000000000000000000000000000000000000424420000000000424420000000000000000000000000000001508202415082024    00000000000000000000000                       773863475600000000000000000000       
7560001300037T 0605631000000200644540000027610601011     141347400000000015082024000000000218000033045500                         092010911237000269MIMAKI RECIFE                           00000000000000000000003500000000004                 
7560001300038U 060000000000000000000000000000000000000000000000000000000000000000000002180000000000002180000000000000000000000000000000001508202415082024    00000000000000000000000                       773865375600000000000000000000       
7560001300039T 0605631000000200644540000027611301011     141359300000000015082024000000000327000033009380                         092010911237000340MIMAKI BLUMENAL                         00000000000000000000003500000000004                 
7560001300040U 060000000000000000000000000000000000000000000000000000000000000000000003270000000000003270000000000000000000000000000000001508202415082024    00000000000000000000000                       773860075600000000000000000000       
7560001300041T 0605631000000200644540000027612001011     141371100000000015082024000000000436000033045500                         092010911237000188MIMAKI SAO PAULO                        00000000000000000000003500000000004                 
7560001300042U 060000000000000000000000000000000000000000000000000000000000000000000004360000000000004360000000000000000000000000000000001508202415082024    00000000000000000000000                       773898075600000000000000000000       
7560001300043T 0605631000000200644540000027613801011     141383160000000015082024000000000109000033045500                         092010911237000420MIMAKI BH                               00000000000000000000003500000000004                 
7560001300044U 060000000000000000000000000000000000000000000000000000000000000000000001090000000000001090000000000000000000000000000000001508202415082024    00000000000000000000000                       773911375600000000000000000000       
7560001300045T 0605631000000200644540000027619101011     143490208500000015082024000000000021000341038090                         091000028048739860MARCELO DORNAS PANHOTTA NEVES           00000000000000000000003500000000004                 
7560001300046U 060000000000000000000000000000000000000000000000000000000000000000000000210000000000000210000000000000000000000000000000001508202415082024    00000000000000000000000                       773920875600000000000000000000       
7560001300047T 0605631000000200644540000027623101011     143549208500000015082024000000000005000341038090                         091000028048739860MARCELO DORNAS PANHOTTA NEVES           00000000000000000000003500000000004                 
7560001300048U 060000000000000000000000000000000000000000000000000000000000000000000000050000000000000050000000000000000000000000000000001508202415082024    00000000000000000000000                       773926875600000000000000000000       
7560001300049T 0605631000000200644540000027637401011     140072161700000020082024000000000023203033010360                         091000025095916819EDUARDO ALMEIDA ALENCAR ARRAIS          00000000000000000000003500000000004                 
7560001300050U 060000000000000000000000000000000000000000000000000000000000000000000000232030000000000232030000000000000000000000000000001508202415082024    00000000000000000000000                       774077475600000000000000000000       
7560001300051T 0605631000000200644540000027674701011     143715210400000015082024000000000038000033000890                         091000035003158874GABRIELA CARVALHO                       00000000000000000000003500000000004                 
7560001300052U 060000000000000000000000000000000000000000000000000000000000000000000000380000000000000380000000000000000000000000000000001508202415082024    00000000000000000000000                       773859075600000000000000000000       
7560001300053T 0605631000000200644540000027707501011     139904127700000025082024000000000036729001058030                         091000054691277889GABRIEL NOGUEIRA MARTINS ALVARENGA      00000000000000000000003500000000004                 
7560001300054U 060000000000000000000000000000000000000000000000000000000000000000000000367290000000000367290000000000000000000000000000001508202415082024    00000000000000000000000                       773841175600000000000000000000       
75600015         00005600002700000000001737702000000000000000000000000000000000000000000000000000000000000000000000                                                                                                                             
75699999         000001000058000000                                                                                                                                                                                                             
