75600000         232970660000191                    05631000000200980140EDUULMC CURSOS DE IDIOMAS LTDASICOOB                                  22907202409223700087708500000                                                                     
75600011T01  043 2032970660000191          563100002405631000000200980140EDUULMC CURSOS DE IDIOMAS LTDA                                                                                000000002907202400000000                                 
7560001300001T 0605631000000200980140000027372701011     138944196700000025072024000000000017800260000010                         091000042973398894ANNA JULIA DE PAULA ABREU               00000000000000000000003500000000004                 
7560001300002U 060000000000003620000000000000000000000000000000000000000000000000000000181620000000000181620000000000000000000000000000002607202426072024    00000000000000000000000                       768502475600000000000000000000       
7560001300003T 0605631000000200980140000027527901011     141405170300000010082024000000000022472001068820                         091000033280346843ANSELMO DA SILVA                        00000000000000000000003500000000004                 
7560001300004U 060000000000000000000000000000000000000000000000000000000000000000000000224720000000000224720000000000000000000000000000002607202426072024    00000000000000000000000                       768405375600000000000000000000       
75600015         00000600000200000000000040272000000000000000000000000000000000000000000000000000000000000000000000                                                                                                                             
75699999         000001000008000000                                                                                                                                                                                                             
