75600000         229492820000120                    05631000000200873060ANEXA IDIOMAS LTDA            SICOOB                                  20909202409041600112208500000                                                                     
75600011T01  043 2029492820000120          563100002405631000000200873060ANEXA IDIOMAS LTDA                                                                                            000000000909202400000000                                 
7560001300001T 0605631000000200873060000027779201011     140037187100000005092024000000000017914341002630                         091000058254616809MARCO RODRIGUES PEREIRA                 00000000000000000000003500000000004                 
7560001300002U 060000000000003640000000000000000000000000000000000000000000000000000000182780000000000182780000000000000000000000000000000609202406092024    00000000000000000000000                       779059275600000000000000000000       
7560001300003T 0605631000000200873060000027903701011     139247128400000010092024000000000034662341007560                         091000000623528819ANTONIO CARLOS DA SILVA                 00000000000000000000003500000000004                 
7560001300004U 060000000000000000000000000000000000000000000000000000000000000000000000346620000000000346620000000000000000000000000000000609202406092024    00000000000000000000000                       779061975600000000000000000000       
75600015         00000600000200000000000052576000000000000000000000000000000000000000000000000000000000000000000000                                                                                                                             
75699999         000001000008000000                                                                                                                                                                                                             
