75600000         232970660000191                    05631000000200980140EDUULMC CURSOS DE IDIOMAS LTDASICOOB                                  20801202509012500095308500000                                                                     
75600011T01  043 2032970660000191          563100002405631000000200980140EDUULMC CURSOS DE IDIOMAS LTDA                                                                                000000000801202500000000                                 
7560001300001T 0905631000000200980140000027221001011     141673202600000010072024000000000035200756056310                         091000026814121883 LAIS CRISTINA COIMBRA BENTES           00000000000000000000003500000000013                 
7560001300002U 090000000000000000000000000000000000000000000000000000000000000000000000000000000000000000000000000000000000000000000000000701202507012025    00000000000000000000000                       811326075600000000000000000000       
7560001300003T 0905631000000200980140000027225901011     142537201600000010072024000000000015000756056310                         091000007940140973GIOVANNI PONTAROLO JUNIOR               00000000000000000000003500000000013                 
7560001300004U 090000000000000000000000000000000000000000000000000000000000000000000000000000000000000000000000000000000000000000000000000701202507012025    00000000000000000000000                       811326175600000000000000000000       
7560001300005T 0905631000000200980140000027228001011     138452195700000010072024000000000019900756056310                         091000036406378873ALINE JENIFER BIM MONCAO                00000000000000000000003500000000013                 
7560001300006U 090000000000000000000000000000000000000000000000000000000000000000000000000000000000000000000000000000000000000000000000000701202507012025    00000000000000000000000                       811326275600000000000000000000       
7560001300007T 0905631000000200980140000027234501011     138302156900000010072024000000000032648756056310                         091000039367899831TAINA CABRAL SEIJAS                     00000000000000000000003500000000013                 
7560001300008U 090000000000000000000000000000000000000000000000000000000000000000000000000000000000000000000000000000000000000000000000000701202507012025    00000000000000000000000                       811326375600000000000000000000       
7560001300009T 0905631000000200980140000027295401011     143040195700000010072024000000000015000756056310                         091000036406378873ALINE JENIFER BIM MONCAO                00000000000000000000003500000000013                 
7560001300010U 090000000000000000000000000000000000000000000000000000000000000000000000000000000000000000000000000000000000000000000000000701202507012025    00000000000000000000000                       811326475600000000000000000000       
7560001300011T 0605631000000200980140000029188901011     140620149500000010012025000000000018168756050040                         091000042109093862CELINA PEREIRA SANTIAGO                 00000000000000000000003500000000006                 
7560001300012U 060000000000000000000000000000000000000000000000000000000000000000000000181680000000000181680000000000000000000000000000000701202507012025    00000000000000000000000                       811208475600000000000000000000       
7560001300013T 0605631000000200980140000029192901011     141800203500000010012025000000000021000033009000                         091000014217408854RUTH PEREIRA FILHA SGROIA               00000000000000000000003500000000004                 
7560001300014U 060000000000000000000000000000000000000000000000000000000000000000000000210000000000000210000000000000000000000000000000000701202507012025    00000000000000000000000                       811249575600000000000000000000       
7560001300015T 0605631000000200980140000029267601011     141181201100000020012025000000000065500237012310                         091000028341411857TATIANA CRISTINA CARNEIRO VITORIANO     00000000000000000000003500000000004                 
7560001300016U 060000000000000000000000000000000000000000000000000000000000000000000000655000000000000655000000000000000000000000000000000701202507012025    00000000000000000000000                       811032375600000000000000000000       
7560001300017T 0605631000000200980140000029268301011     145314201100000020012025000000000015000237012310                         091000028341411857TATIANA CRISTINA CARNEIRO VITORIANO     00000000000000000000003500000000004                 
7560001300018U 060000000000000000000000000000000000000000000000000000000000000000000000150000000000000150000000000000000000000000000000000701202507012025    00000000000000000000000                       811061475600000000000000000000       
75600015         00002000000900000000000237416000000000000000000000000000000000000000000000000000000000000000000000                                                                                                                             
75699999         000001000022000000                                                                                                                                                                                                             
