75600000         229492820000120                    05631000000200873060ANEXA IDIOMAS LTDA            SICOOB                                  21605202408425500106108500000                                                                     
75600011T01  043 2029492820000120          563100002405631000000200873060ANEXA IDIOMAS LTDA                                                                                            000000001605202400000000                                 
7560001300001T 0905631000000200873060000024720101011     138456832000000016112023000000000072758756056310                         091000017042999851AURORA CRISTINA DOMINGOS                00000000000000000000003500000000013                 
7560001300002U 090000000000000000000000000000000000000000000000000000000000000000000000000000000000000000000000000000000000000000000000001505202415052024    00000000000000000000000                       750226275600000000000000000000       
7560001300003T 0605631000000200873060000026570401011     137333154700000015052024000000000029150033002680                         091000016136232839VALDIRENE CORREIA DE LIMA PEREIRA       00000000000000000000003500000000004                 
7560001300004U 060000000000000000000000000000000000000000000000000000000000000000000000291500000000000291500000000000000000000000000000001505202415052024    00000000000000000000000                       750277675600000000000000000000       
7560001300005T 0605631000000200873060000026575001011     139673133600000015052024000000000015741237011930                         091000034193427803EDVANIA SILVA PEREIRA                   00000000000000000000003500000000004                 
7560001300006U 060000000000000000000000000000000000000000000000000000000000000000000000157410000000000157410000000000000000000000000000001505202415052024    00000000000000000000000                       750272075600000000000000000000       
7560001300007T 0605631000000200873060000026591901011     141755203100000015052024000000000022200077000010                         091000056970711838MARCELA ROBERTA DE ALMEIDA SILVA        00000000000000000000003500000000004                 
7560001300008U 060000000000000000000000000000000000000000000000000000000000000000000000222000000000000222000000000000000000000000000000001505202415052024    00000000000000000000000                       750156675600000000000000000000       
7560001300009T 0605631000000200873060000026598001011     137573177300000015052024000000000021094033015720                         091000028030189850ANDREIA CRISTINA SIGNER                 00000000000000000000003500000000004                 
7560001300010U 060000000000000000000000000000000000000000000000000000000000000000000000210940000000000210940000000000000000000000000000001505202415052024    00000000000000000000000                       750083775600000000000000000000       
7560001300011T 0605631000000200873060000026608901011     140153187800000015052024000000000033517341063150                         091000042915794898MAYARA LUCAS DE OLIVEIRA DUCA           00000000000000000000003500000000004                 
7560001300012U 060000000000000000000000000000000000000000000000000000000000000000000000335170000000000335170000000000000000000000000000001505202415052024    00000000000000000000000                       750102375600000000000000000000       
7560001300013T 0605631000000200873060000026719101011     142491205000000020052024000000000027530212000010                         091000031509949852VANDERLEIA ROSA DE SOUZA ANDRADE        00000000000000000000003500000000004                 
7560001300014U 060000000000000000000000000000000000000000000000000000000000000000000000275300000000000275300000000000000000000000000000001505202415052024    00000000000000000000000                       750307975600000000000000000000       
7560001300015T 0605631000000200873060000026720001011     142492204600000020052024000000000025470212000010                         091000031509949852VANDERLEIA ROSA DE SOUZA ANDRADE        00000000000000000000003500000000004                 
7560001300016U 060000000000000000000000000000000000000000000000000000000000000000000000254700000000000254700000000000000000000000000000001505202415052024    00000000000000000000000                       750360975600000000000000000000       
7560001300017T 0605631000000200873060000026721701011     142493204600000020052024000000000006000212000010                         091000031509949852VANDERLEIA ROSA DE SOUZA ANDRADE        00000000000000000000003500000000004                 
7560001300018U 060000000000000000000000000000000000000000000000000000000000000000000000060000000000000060000000000000000000000000000000001505202415052024    00000000000000000000000                       750268275600000000000000000000       
75600015         00002000000900000000000253460000000000000000000000000000000000000000000000000000000000000000000000                                                                                                                             
75699999         000001000022000000                                                                                                                                                                                                             
