75600000         229492820000120                    05631000000200873060ANEXA IDIOMAS LTDA            SICOOB                                  20307202409244800108508500000                                                                     
75600011T01  043 2029492820000120          563100002405631000000200873060ANEXA IDIOMAS LTDA                                                                                            000000000307202400000000                                 
7560001300001T 0605631000000200873060000027218401011     138033523000000010072024000000000025338104003440                         091000008745532885VANDA UTINO MOREIRA                     00000000000000000000003500000000004                 
7560001300002U 060000000000000000000000000000000000000000000000000000000000000000000000253380000000000253380000000000000000000000000000000207202402072024    00000000000000000000000                       761952075600000000000000000000       
75600015         00000400000100000000000025338000000000000000000000000000000000000000000000000000000000000000000000                                                                                                                             
75699999         000001000006000000                                                                                                                                                                                                             
