75600000         232970660000191                    05631000000200980140EDUULMC CURSOS DE IDIOMAS LTDASICOOB                                  21501202509212000095808500000                                                                     
75600011T01  043 2032970660000191          563100002405631000000200980140EDUULMC CURSOS DE IDIOMAS LTDA                                                                                000000001501202500000000                                 
7560001300001T 0605631000000200980140000029335201011     140956191200000030012025000000000033920237006570                         091000020272815845ALEX SANDRO CHELA                       00000000000000000000003500000000004                 
7560001300002U 060000000000000000000000000000000000000000000000000000000000000000000000339200000000000339200000000000000000000000000000001401202514012025    00000000000000000000000                       813606175600000000000000000000       
75600015         00000400000100000000000033920000000000000000000000000000000000000000000000000000000000000000000000                                                                                                                             
75699999         000001000006000000                                                                                                                                                                                                             
