75600000         219895217000135                    05631000000200644540IWS CURSOS DE IDIOMAS LTDA    SICOOB                                  22309202408233100139608500000                                                                     
75600011T01  043 2019895217000135          563100002405631000000200644540IWS CURSOS DE IDIOMAS LTDA                                                                                    000000002309202400000000                                 
7560001300001T 0605631000000200644540000027970301011     139773153000000020092024000000000004904033034090                         091000032300678861DIOGO NEVES MARINHO                     00000000000000000000003500000000004                 
7560001300002U 060000000000000000000000000000000000000000000000000000000000000000000000049040000000000049040000000000000000000000000000002009202420092024    00000000000000000000000                       783340175600000000000000000000       
7560001300003T 0605631000000200644540000027975001011     139845189400000020092024000000000025440033010360                         091000032198572800EVANDRO CARDOSO SOUZA                   00000000000000000000003500000000004                 
7560001300004U 060000000000000000000000000000000000000000000000000000000000000000000000254400000000000254400000000000000000000000000000002009202420092024    00000000000000000000000                       783337175600000000000000000000       
7560001300005T 0605631000000200644540000027976701011     139857189400000020092024000000000025440033010360                         091000032198572800EVANDRO CARDOSO SOUZA                   00000000000000000000003500000000004                 
7560001300006U 060000000000000000000000000000000000000000000000000000000000000000000000254400000000000254400000000000000000000000000000002009202420092024    00000000000000000000000                       783376075600000000000000000000       
7560001300007T 0605631000000200644540000027982101011     142842354000000020092024000000000026993033007660                         091000021920881832MARCELO DA SILVA FREIRE                 00000000000000000000003500000000004                 
7560001300008U 060000000000000000000000000000000000000000000000000000000000000000000000269930000000000269930000000000000000000000000000002009202420092024    00000000000000000000000                       783336875600000000000000000000       
7560001300009T 0605631000000200644540000027986001011     143346207700000020092024000000000034500001015550                         091000027757867827MIRIAN FREIRE IWATA                     00000000000000000000003500000000004                 
7560001300010U 060000000000000000000000000000000000000000000000000000000000000000000000345000000000000345000000000000000000000000000000002009202420092024    00000000000000000000000                       783313375600000000000000000000       
7560001300011T 0605631000000200644540000027989201011     143704210300000020092024000000000026700260000010                         091000054195109876WANESSA MORAES                          00000000000000000000003500000000004                 
7560001300012U 060000000000000000000000000000000000000000000000000000000000000000000000267000000000000267000000000000000000000000000000002009202420092024    00000000000000000000000                       783455275600000000000000000000       
7560001300013T 0605631000000200644540000027991801011     139283489000000020092024000000000027961237001560                         091000048915085825JOYCE BOLOGNANI ROVERI                  00000000000000000000003500000000004                 
7560001300014U 060000000000000000000000000000000000000000000000000000000000000000000000279610000000000279610000000000000000000000000000002009202420092024    00000000000000000000000                       783327475600000000000000000000       
7560001300015T 0605631000000200644540000027993201011     139487132200000020092024000000000034280341062410                         091000000887279805THAIS FAE LAVAREDA DE SOUZA             00000000000000000000003500000000004                 
7560001300016U 060000000000000000000000000000000000000000000000000000000000000000000000342800000000000342800000000000000000000000000000002009202420092024    00000000000000000000000                       783358675600000000000000000000       
7560001300017T 0605631000000200644540000028025401011     143749210700000030092024000000000023000756043400                         091000022943219878CINTIA REGINA DE FREITAS                00000000000000000000003500000000006                 
7560001300018U 060000000000000000000000000000000000000000000000000000000000000000000000230000000000000230000000000000000000000000000000002009202420092024    00000000000000000000000                       783611575600000000000000000000       
75600015         00002000000900000000000229218000000000000000000000000000000000000000000000000000000000000000000000                                                                                                                             
75699999         000001000022000000                                                                                                                                                                                                             
