75600000         232970660000191                    05631000000200980140EDUULMC CURSOS DE IDIOMAS LTDASICOOB                                  22509202408242000091008500000                                                                     
75600011T01  043 2032970660000191          563100002405631000000200980140EDUULMC CURSOS DE IDIOMAS LTDA                                                                                000000002509202400000000                                 
7560001300001T 0605631000000200980140000028081701011     144054211800000025092024000000000028302260000010                         091000022651413801RAQUEL VIEIRA FONTES                    00000000000000000000003500000000004                 
7560001300002U 060000000000000000000000000000000000000000000000000000000000000000000000283020000000000283020000000000000000000000000000002409202424092024    00000000000000000000000                       784092475600000000000000000000       
7560001300003T 0605631000000200980140000028082401011     144066211800000025092024000000000003000260000010                         091000022651413801RAQUEL VIEIRA FONTES                    00000000000000000000003500000000004                 
7560001300004U 060000000000000000000000000000000000000000000000000000000000000000000000030000000000000030000000000000000000000000000000002409202424092024    00000000000000000000000                       784092575600000000000000000000       
75600015         00000600000200000000000031302000000000000000000000000000000000000000000000000000000000000000000000                                                                                                                             
75699999         000001000008000000                                                                                                                                                                                                             
