75600000         232970660000191                    05631000000200980140EDUULMC CURSOS DE IDIOMAS LTDASICOOB                                  20110202409220500091308500000                                                                     
75600011T01  043 2032970660000191          563100002405631000000200980140EDUULMC CURSOS DE IDIOMAS LTDA                                                                                000000000110202400000000                                 
7560001300001T 0605631000000200980140000028069801011     143688210200000030092024000000000038720341037530                         091000007806315799 LUCIANA RIBEIRO ALVES                  00000000000000000000003500000000004                 
7560001300002U 060000000000000000000000000000000000000000000000000000000000000000000000387200000000000387200000000000000000000000000000003009202430092024    00000000000000000000000                       785329475600000000000000000000       
7560001300003T 0605631000000200980140000028075201011     142029153000000030092024000000000034607001070250                         091000047064514850FERNANDO VASCONDE DE ARRUDA             00000000000000000000003500000000004                 
7560001300004U 060000000000000000000000000000000000000000000000000000000000000000000000346070000000000346070000000000000000000000000000003009202430092024    00000000000000000000000                       785072275600000000000000000000       
7560001300005T 0605631000000200980140000028078401011     141144198000000030092024000000000010000033000600                         091000026605186885ARIANA ACQUESTA CANAL                   00000000000000000000003500000000004                 
7560001300006U 060000000000000000000000000000000000000000000000000000000000000000000000100000000000000100000000000000000000000000000000003009202430092024    00000000000000000000000                       785309675600000000000000000000       
7560001300007T 0605631000000200980140000028079101011     140085137400000028092024000000000040810341037990                         091000028686773800RENATO MONTEFUSCO                       00000000000000000000003500000000004                 
7560001300008U 060000000000000000000000000000000000000000000000000000000000000000000000408100000000000408100000000000000000000000000000003009202430092024    00000000000000000000000                       785110175600000000000000000000       
7560001300009T 0605631000000200980140000028085601011     140952191200000030092024000000000033920237006570                         091000020272815845ALEX SANDRO CHELA                       00000000000000000000003500000000004                 
7560001300010U 060000000000000000000000000000000000000000000000000000000000000000000000339200000000000339200000000000000000000000000000003009202430092024    00000000000000000000000                       785085375600000000000000000000       
7560001300011T 0605631000000200980140000028120001011     139810151900000005102024000000000033920341093010                         091000016426937827ELISANGELA LOPES CASSOLATO              00000000000000000000003500000000004                 
7560001300012U 060000000000000000000000000000000000000000000000000000000000000000000000339200000000000339200000000000000000000000000000003009202430092024    00000000000000000000000                       785120775600000000000000000000       
75600015         00001400000600000000000191977000000000000000000000000000000000000000000000000000000000000000000000                                                                                                                             
75699999         000001000016000000                                                                                                                                                                                                             
