75600000         229492820000120                    05631000000200873060ANEXA IDIOMAS LTDA            SICOOB                                  20312202409213700116308500000                                                                     
75600011T01  043 2029492820000120          563100002405631000000200873060ANEXA IDIOMAS LTDA                                                                                            000000000312202400000000                                 
7560001300001T 0605631000000200873060000028716801011     140517959000000030112024000000000022200237006580                         091000028354882861JOAO PAULO MORGUETO                     00000000000000000000003500000000004                 
7560001300002U 060000000000000000000000000000000000000000000000000000000000000000000000222000000000000222000000000000000000000000000000000212202402122024    00000000000000000000000                       801731075600000000000000000000       
7560001300003T 0605631000000200873060000028817701011     140028188100000005122024000000000018974341063110                         091000026928896817MARCIO RICARDO ARAUJO                   00000000000000000000003500000000004                 
7560001300004U 060000000000000000000000000000000000000000000000000000000000000000000000189740000000000189740000000000000000000000000000000212202402122024    00000000000000000000000                       801597975600000000000000000000       
7560001300005T 0605631000000200873060000028825601011     143444208100000005122024000000000028400079000010                         091000048719557884MARIA LUIZA CESARIO MARTINS             00000000000000000000003500000000004                 
7560001300006U 060000000000000000000000000000000000000000000000000000000000000000000000284000000000000284000000000000000000000000000000000212202402122024    00000000000000000000000                       801856075600000000000000000000       
7560001300007T 0605631000000200873060000028987401011     144006206300000030122024000000000029998033022710                         091000044608181831LUANA HELENA BOM FARIAS                 00000000000000000000003500000000004                 
7560001300008U 060000000000000000000000000000000000000000000000000000000000000000000000299980000000000299980000000000000000000000000000000212202402122024    00000000000000000000000                       801869375600000000000000000000       
7560001300009T 0605631000000200873060000028991401011     140124136300000015122024000000000064130237011950                         091000011975390857ROSANA GONCALVES DE OLIVEIRA            00000000000000000000003500000000004                 
7560001300010U 060000000000000000000000000000000000000000000000000000000000000000000000641300000000000641300000000000000000000000000000000212202402122024    00000000000000000000000                       801731975600000000000000000000       
75600015         00001200000500000000000163702000000000000000000000000000000000000000000000000000000000000000000000                                                                                                                             
75699999         000001000014000000                                                                                                                                                                                                             
