75600000         219895217000135                    05631000000200644540IWS CURSOS DE IDIOMAS LTDA    SICOOB                                  21010202408422300140908500000                                                                     
75600011T01  043 2019895217000135          563100002405631000000200644540IWS CURSOS DE IDIOMAS LTDA                                                                                    000000001010202400000000                                 
7560001300001T 0605631000000200644540000028156401011     143423207900000010102024000000000032000033022710                         091000014810831710ISABELLE SILVA MENDES                   00000000000000000000003500000000004                 
7560001300002U 060000000000000000000000000000000000000000000000000000000000000000000000320000000000000320000000000000000000000000000000000910202409102024    00000000000000000000000                       787964975600000000000000000000       
7560001300003T 0605631000000200644540000028298501011     143031240000000009102024000000000185235341000460                         092062430194000112BRASPAR                                 00000000000000000000003500000000004                 
7560001300004U 060000000000000000000000000000000000000000000000000000000000000000000001852350000000001852350000000000000000000000000000000910202409102024    00000000000000000000000                       787907575600000000000000000000       
7560001300005T 0605631000000200644540000028304501011     144199213000000010102024000000000024000001068340                         091000038744936877GABRIELA GOMES TITANERO                 00000000000000000000003500000000004                 
7560001300006U 060000000000000000000000000000000000000000000000000000000000000000000000240000000000000240000000000000000000000000000000000910202409102024    00000000000000000000000                       787888375600000000000000000000       
7560001300007T 0605631000000200644540000028340001011     139906127700000025102024000000000036729001058030                         091000054691277889GABRIEL NOGUEIRA MARTINS ALVARENGA      00000000000000000000003500000000004                 
7560001300008U 060000000000000000000000000000000000000000000000000000000000000000000000367290000000000367290000000000000000000000000000000910202409102024    00000000000000000000000                       788025675600000000000000000000       
7560001300009T 0605631000000200644540000028343201011     142807114300000020102024000000000074200341090730                         091000053372620763LILIAN VALERIO MARTELLETO               00000000000000000000003500000000004                 
7560001300010U 060000000000000000000000000000000000000000000000000000000000000000000000742000000000000742000000000000000000000000000000000910202409102024    00000000000000000000000                       787920775600000000000000000000       
75600015         00001200000500000000000352164000000000000000000000000000000000000000000000000000000000000000000000                                                                                                                             
75699999         000001000014000000                                                                                                                                                                                                             
