75600000         232970660000191                    05631000000200980140EDUULMC CURSOS DE IDIOMAS LTDASICOOB                                  22301202513221100096208500000                                                                     
75600011T01  043 2032970660000191          563100002405631000000200980140EDUULMC CURSOS DE IDIOMAS LTDA                                                                                000000002301202500000000                                 
7560001300001T 0605631000000200980140000029368501011     146128216500000022012025000000000038720341073740                         091000032382904879MILENE DAMASCENO DOS SANTOS             00000000000000000000003500000000004                 
7560001300002U 060000000000000000000000000000000000000000000000000000000000000000000000387200000000000387200000000000000000000000000000002201202522012025    00000000000000000000000                       815842375600000000000000000000       
75600015         00000400000100000000000038720000000000000000000000000000000000000000000000000000000000000000000000                                                                                                                             
75699999         000001000006000000                                                                                                                                                                                                             
