75600000         219895217000135                    05631000000200644540IWS CURSOS DE IDIOMAS LTDA    SICOOB                                  20901202509012100146108500000                                                                     
75600011T01  043 2019895217000135          563100002405631000000200644540IWS CURSOS DE IDIOMAS LTDA                                                                                    000000000901202500000000                                 
7560001300001T 0605631000000200644540000029106501011     143225178400000010012025000000000022472104040770                         091000025385360813BENEDITA BISPO DA HORA                  00000000000000000000003500000000004                 
7560001300002U 060000000000000000000000000000000000000000000000000000000000000000000000224720000000000224720000000000000000000000000000000801202508012025    00000000000000000000000                       811539275600000000000000000000       
7560001300003T 0605631000000200644540000029123001011     140920151400000010012025000000000022247033001070                         091000004913644823VALQUIRIA DE CASSIA NUNES SOARES        00000000000000000000003500000000004                 
7560001300004U 060000000000000000000000000000000000000000000000000000000000000000000000222470000000000222470000000000000000000000000000000801202508012025    00000000000000000000000                       811724175600000000000000000000       
7560001300005T 0605631000000200644540000029223201011     144019127400000015012025000000000005000001042340                         091000010779614488TANIA BARBOSA SANTOS                    00000000000000000000003500000000004                 
7560001300006U 060000000000000000000000000000000000000000000000000000000000000000000000050000000000000050000000000000000000000000000000000801202508012025    00000000000000000000000                       811705475600000000000000000000       
7560001300007T 0605631000000200644540000029247901011     142810114300000020012025000000000074200341090730                         091000053372620763LILIAN VALERIO MARTELLETO               00000000000000000000003500000000004                 
7560001300008U 060000000000000000000000000000000000000000000000000000000000000000000000742000000000000742000000000000000000000000000000000801202508012025    00000000000000000000000                       811564475600000000000000000000       
75600015         00001000000400000000000123919000000000000000000000000000000000000000000000000000000000000000000000                                                                                                                             
75699999         000001000012000000                                                                                                                                                                                                             
