75600000         232970660000191                    05631000000200980140EDUULMC CURSOS DE IDIOMAS LTDASICOOB                                  22506202409212100086208500000                                                                     
75600011T01  043 2032970660000191          563100002405631000000200980140EDUULMC CURSOS DE IDIOMAS LTDA                                                                                000000002506202400000000                                 
7560001300001T 0905631000000200980140000025157401011     138937196700000025122023000000000017800756056310                         091000042973398894ANNA JULIA DE PAULA ABREU               00000000000000000000003500000000013                 
7560001300002U 090000000000000000000000000000000000000000000000000000000000000000000000000000000000000000000000000000000000000000000000002406202424062024    00000000000000000000000                       760022175600000000000000000000       
7560001300003T 0905631000000200980140000025158101011     138199144900000025122023000000000064990756056310                         091000047364370811BARBARA PINTO PEINADOR GARCIA           00000000000000000000003500000000013                 
7560001300004U 090000000000000000000000000000000000000000000000000000000000000000000000000000000000000000000000000000000000000000000000002406202424062024    00000000000000000000000                       760022275600000000000000000000       
7560001300005T 0905631000000200980140000025163901011     133463149800000025122023000000000027500756056310                         091000027893285877ANA PAULA HAMMERMEISTER GIMENES         00000000000000000000003500000000013                 
7560001300006U 090000000000000000000000000000000000000000000000000000000000000000000000000000000000000000000000000000000000000000000000002406202424062024    00000000000000000000000                       760022375600000000000000000000       
7560001300007T 0605631000000200980140000026919801011     138301156900000010062024000000000032648001007170                         091000039367899831TAINA CABRAL SEIJAS                     00000000000000000000003500000000004                 
7560001300008U 060000000000008070000000000000000000000000000000000000000000000000000000334550000000000334550000000000000000000000000000002406202424062024    00000000000000000000000                       759992175600000000000000000000       
7560001300009T 0605631000000200980140000027116001011     140949191200000030062024000000000033920237006570                         091000020272815845ALEX SANDRO CHELA                       00000000000000000000003500000000004                 
7560001300010U 060000000000000000000000000000000000000000000000000000000000000000000000339200000000000339200000000000000000000000000000002406202424062024    00000000000000000000000                       760039575600000000000000000000       
75600015         00001200000500000000000176858000000000000000000000000000000000000000000000000000000000000000000000                                                                                                                             
75699999         000001000014000000                                                                                                                                                                                                             
