75600000         219895217000135                    05631000000200644540IWS CURSOS DE IDIOMAS LTDA    SICOOB                                  22507202408234600135808500000                                                                     
75600011T01  043 2019895217000135          563100002405631000000200644540IWS CURSOS DE IDIOMAS LTDA                                                                                    000000002507202400000000                                 
7560001300001T 0905631000000200644540000025355301011     135941188400000025012024000000000041000756056310                         091000033081822890DANIEL RIBEIRO NOGUEIRA PORTO           00000000000000000000003500000000013                 
7560001300002U 090000000000000000000000000000000000000000000000000000000000000000000000000000000000000000000000000000000000000000000000002407202424072024    00000000000000000000000                       768077175600000000000000000000       
7560001300003T 0905631000000200644540000025381501011     136536190500000025012024000000000018000756056310                         091000027567853850CRISTIANE DORNAS PANHOTTA ARAUJO        00000000000000000000003500000000013                 
7560001300004U 090000000000000000000000000000000000000000000000000000000000000000000000000000000000000000000000000000000000000000000000002407202424072024    00000000000000000000000                       768077275600000000000000000000       
7560001300005T 0905631000000200644540000025390101011     136809585000000025012024000000000035652756056310                         091000038978109802YGOR ANDRADE DA CUNHA                   00000000000000000000003500000000013                 
7560001300006U 090000000000000000000000000000000000000000000000000000000000000000000000000000000000000000000000000000000000000000000000002407202424072024    00000000000000000000000                       768077375600000000000000000000       
7560001300007T 0605631000000200644540000027494001011     137902143100000010082024000000000040810001058030                         091000017612949890ELISABETH NOGUEIRA MARTINS              00000000000000000000003500000000004                 
7560001300008U 060000000000000000000000000000000000000000000000000000000000000000000000408100000000000408100000000000000000000000000000002407202424072024    00000000000000000000000                       767881275600000000000000000000       
75600015         00001000000400000000000135462000000000000000000000000000000000000000000000000000000000000000000000                                                                                                                             
75699999         000001000012000000                                                                                                                                                                                                             
