75600000         219895217000135                    05631000000200644540IWS CURSOS DE IDIOMAS LTDA    SICOOB                                  20506202409030000133108500000                                                                     
75600011T01  043 2019895217000135          563100002405631000000200644540IWS CURSOS DE IDIOMAS LTDA                                                                                    000000000506202400000000                                 
7560001300001T 0605631000000200644540000025426101011     138289422000000010062024000000000031482104040800                         091000053378733853PEDRO TAMOTSU HARA                      00000000000000000000003500000000004                 
7560001300002U 060000000000000000000000000000000000000000000000000000000000000000000000314820000000000314820000000000000000000000000000000406202404062024    00000000000000000000000                       754269275600000000000000000000       
7560001300003T 0605631000000200644540000026799301011     137430733000000005062024000000000030214341065600                         091000002135412899FELICIA DEL GALLO ROCHA                 00000000000000000000003500000000004                 
7560001300004U 060000000000000000000000000000000000000000000000000000000000000000000000302140000000000302140000000000000000000000000000000406202404062024    00000000000000000000000                       754291275600000000000000000000       
7560001300005T 0605631000000200644540000026804601011     141610202100000005062024000000000030000033010360                         091000029247398886ANGELA MARIA DIAS DOS REIS              00000000000000000000003500000000004                 
7560001300006U 060000000000000000000000000000000000000000000000000000000000000000000000300000000000000300000000000000000000000000000000000406202404062024    00000000000000000000000                       754398375600000000000000000000       
7560001300007T 0605631000000200644540000026807801011     139710183000000010062024000000000028302237012310                         091000032988336814CARLOS HENRIQUE DE OLIVEIRA             00000000000000000000003500000000004                 
7560001300008U 060000000000000000000000000000000000000000000000000000000000000000000000283020000000000283020000000000000000000000000000000406202404062024    00000000000000000000000                       754391575600000000000000000000       
75600015         00001000000400000000000119998000000000000000000000000000000000000000000000000000000000000000000000                                                                                                                             
75699999         000001000012000000                                                                                                                                                                                                             
