75600000         219895217000135                    05631000000200644540IWS CURSOS DE IDIOMAS LTDA    SICOOB                                  23107202408232800136208500000                                                                     
75600011T01  043 2019895217000135          563100002405631000000200644540IWS CURSOS DE IDIOMAS LTDA                                                                                    000000003107202400000000                                 
7560001300001T 0905631000000200644540000025444401011     138831183800000031012024000000000037100756056310                         091000042637520582JOSE LUCIANO TRANZILLO DOS SANTOS       00000000000000000000003500000000013                 
7560001300002U 090000000000000000000000000000000000000000000000000000000000000000000000000000000000000000000000000000000000000000000000003007202430072024    00000000000000000000000                       769332875600000000000000000000       
7560001300003T 0905631000000200644540000025467301011     140453183800000031012024000000000035000756056310                         091000042637520582JOSE LUCIANO TRANZILLO DOS SANTOS       00000000000000000000003500000000013                 
7560001300004U 090000000000000000000000000000000000000000000000000000000000000000000000000000000000000000000000000000000000000000000000003007202430072024    00000000000000000000000                       769333075600000000000000000000       
7560001300005T 0605631000000200644540000027389101011     139615189600000030072024000000000025440001015550                         091000013037278897NORMA SUELY COUTO SANTANA               00000000000000000000003500000000004                 
7560001300006U 060000000000000000000000000000000000000000000000000000000000000000000000254400000000000254400000000000000000000000000000003007202430072024    00000000000000000000000                       769265375600000000000000000000       
7560001300007T 0605631000000200644540000027395601011     143013207400000030072024000000000070400033009190                         091000022974269842GRACIELLE DE SOUSA ANDRADE              00000000000000000000003500000000004                 
7560001300008U 060000000000000000000000000000000000000000000000000000000000000000000000704000000000000704000000000000000000000000000000003007202430072024    00000000000000000000000                       769244975600000000000000000000       
7560001300009T 0605631000000200644540000027397001011     142968207200000030072024000000000034320341051410                         091000010402298918LUIGI SILVA FILIPPETTO                  00000000000000000000003500000000004                 
7560001300010U 060000000000000000000000000000000000000000000000000000000000000000000000343200000000000343200000000000000000000000000000003007202430072024    00000000000000000000000                       769156575600000000000000000000       
7560001300011T 0605631000000200644540000027399501011     141066200300000030072024000000000018000237014070                         091000022964726809LUANA NETA DE MEDEIROS                  00000000000000000000003500000000004                 
7560001300012U 060000000000000000000000000000000000000000000000000000000000000000000000180000000000000180000000000000000000000000000000003007202430072024    00000000000000000000000                       769169575600000000000000000000       
7560001300013T 0605631000000200644540000027404801011     142087323000000030072024000000000025872341008660                         091000004471029908LEANDRO AUGUSTO CALIXTO                 00000000000000000000003500000000004                 
7560001300014U 060000000000000000000000000000000000000000000000000000000000000000000000258720000000000258720000000000000000000000000000003007202430072024    00000000000000000000000                       769153375600000000000000000000       
75600015         00001600000700000000000246132000000000000000000000000000000000000000000000000000000000000000000000                                                                                                                             
75699999         000001000018000000                                                                                                                                                                                                             
