75600000         219895217000135                    05631000000200644540IWS CURSOS DE IDIOMAS LTDA    SICOOB                                  21810202409241500141508500000                                                                     
75600011T01  043 2019895217000135          563100002405631000000200644540IWS CURSOS DE IDIOMAS LTDA                                                                                    000000001810202400000000                                 
7560001300001T 0605631000000200644540000028310001011     142663720000000025102024000000000039551104040420                         091000033774740801BRUNA BRITO DE MIRANDA                  00000000000000000000003500000000004                 
7560001300002U 060000000000000000000000000000000000000000000000000000000000000000000000395510000000000395510000000000000000000000000000001710202417102024    00000000000000000000000                       790390675600000000000000000000       
7560001300003T 0605631000000200644540000028319501011     138503180300000025102024000000000078864341059550                         091000035707793860FRANCINE RAMONEDA NUNES DOS SANTOS      00000000000000000000003500000000004                 
7560001300004U 060000000000000000000000000000000000000000000000000000000000000000000000788640000000000788640000000000000000000000000000001710202417102024    00000000000000000000000                       790501375600000000000000000000       
75600015         00000600000200000000000118415000000000000000000000000000000000000000000000000000000000000000000000                                                                                                                             
75699999         000001000008000000                                                                                                                                                                                                             
