75600000         232970660000191                    05631000000200980140EDUULMC CURSOS DE IDIOMAS LTDASICOOB                                  21908202409245100088908500000                                                                     
75600011T01  043 2032970660000191          563100002405631000000200980140EDUULMC CURSOS DE IDIOMAS LTDA                                                                                000000001908202400000000                                 
7560001300001T 0605631000000200980140000027659601011     140663166300000020082024000000000025000208000200                         091000029424248857ELIEZER QUEIROZ JUNIOR                  00000000000000000000003500000000004                 
7560001300002U 060000000000000000000000000000000000000000000000000000000000000000000000250000000000000250000000000000000000000000000000001608202416082024    00000000000000000000000                       774316875600000000000000000000       
75600015         00000400000100000000000025000000000000000000000000000000000000000000000000000000000000000000000000                                                                                                                             
75699999         000001000006000000                                                                                                                                                                                                             
