75600000         232970660000191                    05631000000200980140EDUULMC CURSOS DE IDIOMAS LTDASICOOB                                  20208202409030500088108500000                                                                     
75600011T01  043 2032970660000191          563100002405631000000200980140EDUULMC CURSOS DE IDIOMAS LTDA                                                                                000000000208202400000000                                 
7560001300001T 0605631000000200980140000027461801011     138421125600000005082024000000000032000033010360                         091000029951643817JULIANA TAVARES DE ARAUJO               00000000000000000000003500000000004                 
7560001300002U 060000000000000000000000000000000000000000000000000000000000000000000000320000000000000320000000000000000000000000000000000108202401082024    00000000000000000000000                       769617975600000000000000000000       
7560001300003T 0605631000000200980140000027605901011     141549188300000015082024000000000024062033010360                         091000042672802823NAYARA VIEIRA DA SILVA                  00000000000000000000003500000000004                 
7560001300004U 060000000000000000000000000000000000000000000000000000000000000000000000240620000000000240620000000000000000000000000000000108202401082024    00000000000000000000000                       769626975600000000000000000000       
75600015         00000600000200000000000056062000000000000000000000000000000000000000000000000000000000000000000000                                                                                                                             
75699999         000001000008000000                                                                                                                                                                                                             
