75600000         219895217000135                    05631000000200644540IWS CURSOS DE IDIOMAS LTDA    SICOOB                                  23007202408433400136108500000                                                                     
75600011T01  043 2019895217000135          563100002405631000000200644540IWS CURSOS DE IDIOMAS LTDA                                                                                    000000003007202400000000                                 
7560001300001T 0905631000000200644540000025436501011     137931155900000030012024000000000014712756056310                         091000003251742965JONAS ROBERTO KOEHLER                   00000000000000000000003500000000013                 
7560001300002U 090000000000000000000000000000000000000000000000000000000000000000000000000000000000000000000000000000000000000000000000002907202429072024    00000000000000000000000                       769018875600000000000000000000       
7560001300003T 0905631000000200644540000025440501011     135094700000000030012024000000000031800756056310                         091000021472802837DAYANE FEITOSA LIMA                     00000000000000000000003500000000013                 
7560001300004U 090000000000000000000000000000000000000000000000000000000000000000000000000000000000000000000000000000000000000000000000002907202429072024    00000000000000000000000                       769018975600000000000000000000       
7560001300005T 0905631000000200644540000025442001011     138693196300000030012024000000000015000756056310                         091000045433892808GABRIELA LOPES PESTANA                  00000000000000000000003500000000013                 
7560001300006U 090000000000000000000000000000000000000000000000000000000000000000000000000000000000000000000000000000000000000000000000002907202429072024    00000000000000000000000                       769019075600000000000000000000       
7560001300007T 0905631000000200644540000025448301011     136146480000000030012024000000000029580756056310                         091000041970584890ANA VITORIA ROLIM FRANCESCHI            00000000000000000000003500000000013                 
7560001300008U 090000000000000000000000000000000000000000000000000000000000000000000000000000000000000000000000000000000000000000000000002907202429072024    00000000000000000000000                       769019175600000000000000000000       
7560001300009T 0905631000000200644540000025452301011     137605113500000030012024000000000026500756056310                         091000001516610733KEYLA CRISTINA CASSARO GUIDONI          00000000000000000000003500000000013                 
7560001300010U 090000000000000000000000000000000000000000000000000000000000000000000000000000000000000000000000000000000000000000000000002907202429072024    00000000000000000000000                       769019275600000000000000000000       
7560001300011T 0905631000000200644540000025453001011     138003435000000030012024000000000032741756056310                         091000041970583819RICARDO FRANCESCHI FILHO                00000000000000000000003500000000013                 
7560001300012U 090000000000000000000000000000000000000000000000000000000000000000000000000000000000000000000000000000000000000000000000002907202429072024    00000000000000000000000                       769019375600000000000000000000       
7560001300013T 0605631000000200644540000027407001011     139497128200000030072024000000000040810260000010                         091000041725138832ULISSES TIAGO DO NASCIMENTO FIGUEIREDO G00000000000000000000003500000000004                 
7560001300014U 060000000000000000000000000000000000000000000000000000000000000000000000408100000000000408100000000000000000000000000000002907202429072024    00000000000000000000000                       768775475600000000000000000000       
7560001300015T 0605631000000200644540000027482201011     138671196400000010082024000000000030000341001670                         091000036299312866LETICIA RAMOS SHINKAI                   00000000000000000000003500000000004                 
7560001300016U 060000000000000000000000000000000000000000000000000000000000000000000000300000000000000300000000000000000000000000000000002907202429072024    00000000000000000000000                       768822175600000000000000000000       
7560001300017T 0605631000000200644540000027489301011     142865537000000010082024000000000055618341070550                         091000009017220813SUZI SANTOS MONIZ                       00000000000000000000003500000000004                 
7560001300018U 060000000000000000000000000000000000000000000000000000000000000000000000556180000000000556180000000000000000000000000000002907202429072024    00000000000000000000000                       768798775600000000000000000000       
7560001300019T 0605631000000200644540000027498001011     140627128000000010082024000000000030905341001670                         091000098638726287DAN SHINKAI                             00000000000000000000003500000000004                 
7560001300020U 060000000000000000000000000000000000000000000000000000000000000000000000309050000000000309050000000000000000000000000000002907202429072024    00000000000000000000000                       768784675600000000000000000000       
75600015         00002200001000000000000307666000000000000000000000000000000000000000000000000000000000000000000000                                                                                                                             
75699999         000001000024000000                                                                                                                                                                                                             
