75600000         232970660000191                    05631000000200980140EDUULMC CURSOS DE IDIOMAS LTDASICOOB                                  21111202406224800092708500000                                                                     
75600011T01  043 2032970660000191          563100002405631000000200980140EDUULMC CURSOS DE IDIOMAS LTDA                                                                                000000001111202400000000                                 
7560001300001T 0605631000000200980140000028532501011     143466208300000010112024000000000028302341037550                         091000003365904158CAMILA FERREIRA PEREIRA SILVA           00000000000000000000003500000000004                 
7560001300002U 060000000000000000000000000000000000000000000000000000000000000000000000283020000000000283020000000000000000000000000000000811202408112024    00000000000000000000000                       795541275600000000000000000000       
7560001300003T 0605631000000200980140000028549001011     143894211700000010112024000000000034848341037470                         091000024947309881FABIO ALVES BONNO                       00000000000000000000003500000000004                 
7560001300004U 060000000000000000000000000000000000000000000000000000000000000000000000348480000000000348480000000000000000000000000000000811202408112024    00000000000000000000000                       795646775600000000000000000000       
7560001300005T 0605631000000200980140000028550801011     143923211700000010112024000000000005000341037470                         091000024947309881FABIO ALVES BONNO                       00000000000000000000003500000000004                 
7560001300006U 060000000000000000000000000000000000000000000000000000000000000000000000050000000000000050000000000000000000000000000000000811202408112024    00000000000000000000000                       795670375600000000000000000000       
7560001300007T 0605631000000200980140000028673901011     144542214800000008112024000000000018750341041000                         091000013167507870LUCIENE DIANA SIQUEIRA                  00000000000000000000003500000000004                 
7560001300008U 060000000000000000000000000000000000000000000000000000000000000000000000187500000000000187500000000000000000000000000000000811202408112024    00000000000000000000000                       795541875600000000000000000000       
75600015         00001000000400000000000086900000000000000000000000000000000000000000000000000000000000000000000000                                                                                                                             
75699999         000001000012000000                                                                                                                                                                                                             
