75600000         229492820000120                    05631000000200873060ANEXA IDIOMAS LTDA            SICOOB                                  21009202408030800112308500000                                                                     
75600011T01  043 2029492820000120          563100002405631000000200873060ANEXA IDIOMAS LTDA                                                                                            000000001009202400000000                                 
7560001300001T 0905631000000200873060000025861401011     139635189200000010032024000000000018974756056310                         091000026577600821ANA PAULA PEREIRA DA SILVA              00000000000000000000003500000000013                 
7560001300002U 090000000000000000000000000000000000000000000000000000000000000000000000000000000000000000000000000000000000000000000000000909202409092024    00000000000000000000000                       779744275600000000000000000000       
7560001300003T 0905631000000200873060000025864601011     136607172900000010032024000000000023320756056310                         091000022128641837CELIA MATOS SILVA                       00000000000000000000003500000000013                 
7560001300004U 090000000000000000000000000000000000000000000000000000000000000000000000000000000000000000000000000000000000000000000000000909202409092024    00000000000000000000000                       779744375600000000000000000000       
7560001300005T 0905631000000200873060000025869201011     139911133200000010032024000000000024200756056310                         091000037261643831GABRIELA RAMOS DOS SANTOS               00000000000000000000003500000000013                 
7560001300006U 090000000000000000000000000000000000000000000000000000000000000000000000000000000000000000000000000000000000000000000000000909202409092024    00000000000000000000000                       779744475600000000000000000000       
7560001300007T 0905631000000200873060000025877101011     139373184800000010032024000000000028302756056310                         091000016158461822SERGIO APARECIDO DE BARROS SILVA        00000000000000000000003500000000013                 
7560001300008U 090000000000000000000000000000000000000000000000000000000000000000000000000000000000000000000000000000000000000000000000000909202409092024    00000000000000000000000                       779744575600000000000000000000       
7560001300009T 0905631000000200873060000025880401011     136869190900000010032024000000000017800756056310                         091000042658157827SABRINA ARILAINE SOUZA OLIVEIRA         00000000000000000000003500000000013                 
7560001300010U 090000000000000000000000000000000000000000000000000000000000000000000000000000000000000000000000000000000000000000000000000909202409092024    00000000000000000000000                       779744675600000000000000000000       
7560001300011T 0905631000000200873060000025883601011     135360123200000010032024000000000020871756056310                         091000012980636800ALEXANDRO SOARES                        00000000000000000000003500000000013                 
7560001300012U 090000000000000000000000000000000000000000000000000000000000000000000000000000000000000000000000000000000000000000000000000909202409092024    00000000000000000000000                       779744775600000000000000000000       
7560001300013T 0905631000000200873060000025961601011     141299184800000010032024000000000003750756056310                         091000016158461822SERGIO APARECIDO DE BARROS SILVA        00000000000000000000003500000000013                 
7560001300014U 090000000000000000000000000000000000000000000000000000000000000000000000000000000000000000000000000000000000000000000000000909202409092024    00000000000000000000000                       779744875600000000000000000000       
7560001300015T 0905631000000200873060000025990001011     140374197900000010032024000000000018800756056310                         091000031691253898LEANDRO FERREIRA MUNIZ                  00000000000000000000003500000000013                 
7560001300016U 090000000000000000000000000000000000000000000000000000000000000000000000000000000000000000000000000000000000000000000000000909202409092024    00000000000000000000000                       779744975600000000000000000000       
7560001300017T 0905631000000200873060000025991701011     141651197900000010032024000000000005000756056310                         091000031691253898LEANDRO FERREIRA MUNIZ                  00000000000000000000003500000000013                 
7560001300018U 090000000000000000000000000000000000000000000000000000000000000000000000000000000000000000000000000000000000000000000000000909202409092024    00000000000000000000000                       779745075600000000000000000000       
7560001300019T 0605631000000200873060000026050801011     138803946000000010092024000000000024132033035590                         091000008023621840FRANCISCA FERNANDA NICOLAU DE CARVALHO  00000000000000000000003500000000004                 
7560001300020U 060000000000000000000000000000000000000000000000000000000000000000000000241320000000000241320000000000000000000000000000000909202409092024    00000000000000000000000                       779595475600000000000000000000       
7560001300021T 0605631000000200873060000027901201011     142077152900000016092024000000000029150260000010                         091000028645823845EDNALVA RITA BEZERRA                    00000000000000000000003500000000004                 
7560001300022U 060000000000000000000000000000000000000000000000000000000000000000000000291500000000000291500000000000000000000000000000000909202409092024    00000000000000000000000                       780115575600000000000000000000       
7560001300023T 0605631000000200873060000027925901011     143329523000000010092024000000000026858033015720                         091000008745532885VANDA UTINO MOREIRA                     00000000000000000000003500000000004                 
7560001300024U 060000000000000000000000000000000000000000000000000000000000000000000000268580000000000268580000000000000000000000000000000909202409092024    00000000000000000000000                       779598775600000000000000000000       
7560001300025T 0605631000000200873060000028001501011     141731202800000020092024000000000035200033015720                         091000043469702810RENAN FERREIRA DIAS                     00000000000000000000003500000000004                 
7560001300026U 060000000000000000000000000000000000000000000000000000000000000000000000352000000000000352000000000000000000000000000000000909202409092024    00000000000000000000000                       779690275600000000000000000000       
75600015         00002800001300000000000276357000000000000000000000000000000000000000000000000000000000000000000000                                                                                                                             
75699999         000001000030000000                                                                                                                                                                                                             
