75600000         232970660000191                    05631000000200980140EDUULMC CURSOS DE IDIOMAS LTDASICOOB                                  21006202408423500085608500000                                                                     
75600011T01  043 2032970660000191          563100002405631000000200980140EDUULMC CURSOS DE IDIOMAS LTDA                                                                                000000001006202400000000                                 
7560001300001T 0605631000000200980140000026914101011     141744203000000010062024000000000044550341038090                         091000011267673877LUCAS DA COSTA                          00000000000000000000003500000000004                 
7560001300002U 060000000000000000000000000000000000000000000000000000000000000000000000445500000000000445500000000000000000000000000000000706202407062024    00000000000000000000000                       755643575600000000000000000000       
7560001300003T 0605631000000200980140000026986101011     141547188300000015062024000000000024062033010360                         091000042672802823NAYARA VIEIRA DA SILVA                  00000000000000000000003500000000004                 
7560001300004U 060000000000000000000000000000000000000000000000000000000000000000000000240620000000000240620000000000000000000000000000000706202407062024    00000000000000000000000                       755583575600000000000000000000       
75600015         00000600000200000000000068612000000000000000000000000000000000000000000000000000000000000000000000                                                                                                                             
75699999         000001000008000000                                                                                                                                                                                                             
