75600000         232970660000191                    05631000000200980140EDUULMC CURSOS DE IDIOMAS LTDASICOOB                                  21207202409420600087108500000                                                                     
75600011T01  043 2032970660000191          563100002405631000000200980140EDUULMC CURSOS DE IDIOMAS LTDA                                                                                000000001207202400000000                                 
7560001300001T 0605631000000200980140000027230601011     141745203000000010072024000000000044550341038090                         091000011267673877LUCAS DA COSTA                          00000000000000000000003500000000004                 
7560001300002U 060000000000009060000000000000000000000000000000000000000000000000000000454560000000000454560000000000000000000000000000001107202411072024    00000000000000000000000                       764876775600000000000000000000       
7560001300003T 0605631000000200980140000027233801011     141658202400000010072024000000000032000260000010                         091000008992109610SUELY GONCALVES DA SILVA                00000000000000000000003500000000004                 
7560001300004U 060000000000006510000000000000000000000000000000000000000000000000000000326510000000000326510000000000000000000000000000001107202411072024    00000000000000000000000                       764940475600000000000000000000       
75600015         00000600000200000000000076550000000000000000000000000000000000000000000000000000000000000000000000                                                                                                                             
75699999         000001000008000000                                                                                                                                                                                                             
