75600000         219895217000135                    05631000000200644540IWS CURSOS DE IDIOMAS LTDA    SICOOB                                  20406202409212200133008500000                                                                     
75600011T01  043 2019895217000135          563100002405631000000200644540IWS CURSOS DE IDIOMAS LTDA                                                                                    000000000406202400000000                                 
7560001300001T 0905631000000200644540000024926101011     135886188000000005122023000000000045000756056310                         091000013428220803EDIVANIA CONCEICAO MEDEIROS DA SILVA    00000000000000000000003500000000013                 
7560001300002U 090000000000000000000000000000000000000000000000000000000000000000000000000000000000000000000000000000000000000000000000000306202403062024    00000000000000000000000                       754074775600000000000000000000       
7560001300003T 0905631000000200644540000024937201011     130705953000000005122023000000000022000756056310                         091000021895277833ERIC HENRIQUE VASCONCELLOS SANTOS       00000000000000000000003500000000013                 
7560001300004U 090000000000000000000000000000000000000000000000000000000000000000000000000000000000000000000000000000000000000000000000000306202403062024    00000000000000000000000                       754074875600000000000000000000       
7560001300005T 0905631000000200644540000024951601011     137942143500000005122023000000000056710756056310                         091000009664163848LILIAN DE FATIMA SILVA                  00000000000000000000003500000000013                 
7560001300006U 090000000000000000000000000000000000000000000000000000000000000000000000000000000000000000000000000000000000000000000000000306202403062024    00000000000000000000000                       754074975600000000000000000000       
7560001300007T 0905631000000200644540000024955501011     137978119800000005122023000000000021200756056310                         091000029939095848DIEGO GOMES                             00000000000000000000003500000000013                 
7560001300008U 090000000000000000000000000000000000000000000000000000000000000000000000000000000000000000000000000000000000000000000000000306202403062024    00000000000000000000000                       754075075600000000000000000000       
7560001300009T 0905631000000200644540000024982401011     137531141300000005122023000000000029138756056310                         091000010760816654LAURA CRISTINA LIMA DINIZ               00000000000000000000003500000000013                 
7560001300010U 090000000000000000000000000000000000000000000000000000000000000000000000000000000000000000000000000000000000000000000000000306202403062024    00000000000000000000000                       754075175600000000000000000000       
7560001300011T 0605631000000200644540000026760701011     137709192600000031052024000000000024750033007280                         091000026592685840DANIELLY VAZ CORONADO                   00000000000000000000003500000000004                 
7560001300012U 060000000000005190000000000000000000000000000000000000000000000000000000252690000000000252690000000000000000000000000000000306202403062024    00000000000000000000000                       753805075600000000000000000000       
7560001300013T 0605631000000200644540000026781101011     139099143000000031052024000000000038503341019760                         091000041922650870DEBORA SIQUEIRA DA SILVA                00000000000000000000003500000000004                 
7560001300014U 060000000000008090000000000000000000000000000000000000000000000000000000393120000000000393120000000000000000000000000000000306202403062024    00000000000000000000000                       753819875600000000000000000000       
7560001300015T 0605631000000200644540000026798601011     139136207000000010062024000000000032762001029220                         091000009240151796FABIANA CRISTINA DE OLIVEIRA            00000000000000000000003500000000004                 
7560001300016U 060000000000000000000000000000000000000000000000000000000000000000000000327620000000000327620000000000000000000000000000000306202403062024    00000000000000000000000                       753770975600000000000000000000       
7560001300017T 0605631000000200644540000026813201011     139148148600000005062024000000000034980104020340                         091000025313672843FABIOLA GURGEL                          00000000000000000000003500000000004                 
7560001300018U 060000000000000000000000000000000000000000000000000000000000000000000000349800000000000349800000000000000000000000000000000306202403062024    00000000000000000000000                       754060275600000000000000000000       
7560001300019T 0605631000000200644540000026819601011     141499169600000005062024000000000025843104020340                         091000025313672843FABIOLA GURGEL                          00000000000000000000003500000000004                 
7560001300020U 060000000000000000000000000000000000000000000000000000000000000000000000258430000000000258430000000000000000000000000000000306202403062024    00000000000000000000000                       754129875600000000000000000000       
7560001300021T 0605631000000200644540000026825001011     138253157000000010062024000000000053000001001400                         091000007057855990KAUANNE FERREIRA DE MELO                00000000000000000000003500000000004                 
7560001300022U 060000000000000000000000000000000000000000000000000000000000000000000000530000000000000530000000000000000000000000000000000306202403062024    00000000000000000000000                       753761875600000000000000000000       
7560001300023T 0605631000000200644540000026826801011     138765966000000005062024000000000032000033010360                         091000045489539810KETYLIN DOS SANTOS                      00000000000000000000003500000000004                 
7560001300024U 060000000000000000000000000000000000000000000000000000000000000000000000320000000000000320000000000000000000000000000000000306202403062024    00000000000000000000000                       753884175600000000000000000000       
7560001300025T 0605631000000200644540000026832201011     137767595000000005062024000000000026700033010360                         091000098867539000LUCIANA HISAYO ENDO                     00000000000000000000003500000000004                 
7560001300026U 060000000000000000000000000000000000000000000000000000000000000000000000267000000000000267000000000000000000000000000000000306202403062024    00000000000000000000000                       753871475600000000000000000000       
7560001300027T 0605631000000200644540000026835401011     140178420000000005062024000000000028230033039610                         091000011632733846PAULO SERGIO GONCALVES DE OLIVEIRA      00000000000000000000003500000000004                 
7560001300028U 060000000000000000000000000000000000000000000000000000000000000000000000282300000000000282300000000000000000000000000000000306202403062024    00000000000000000000000                       753810175600000000000000000000       
7560001300029T 0605631000000200644540000026839301011     138020155700000005062024000000000026500341066900                         091000043483096809SABRINA DE OLIVEIRA TAVARES             00000000000000000000003500000000004                 
7560001300030U 060000000000000000000000000000000000000000000000000000000000000000000000265000000000000265000000000000000000000000000000000306202403062024    00000000000000000000000                       753858675600000000000000000000       
7560001300031T 0605631000000200644540000026943501011     141939204400000015062024000000000006000341007180                         091000043289016803MICHELE DA PAZ ALVES                    00000000000000000000003500000000004                 
7560001300032U 060000000000000000000000000000000000000000000000000000000000000000000000060000000000000060000000000000000000000000000000000306202403062024    00000000000000000000000                       754100475600000000000000000000       
7560001300033T 0605631000000200644540000026944201011     141950204400000015062024000000000005000341007180                         091000043289016803MICHELE DA PAZ ALVES                    00000000000000000000003500000000004                 
7560001300034U 060000000000000000000000000000000000000000000000000000000000000000000000050000000000000050000000000000000000000000000000000306202403062024    00000000000000000000000                       754138475600000000000000000000       
75600015         00003600001700000000000508316000000000000000000000000000000000000000000000000000000000000000000000                                                                                                                             
75699999         000001000038000000                                                                                                                                                                                                             
