75600000         232970660000191                    05631000000200980140EDUULMC CURSOS DE IDIOMAS LTDASICOOB                                  20701202509212200095208500000                                                                     
75600011T01  043 2032970660000191          563100002405631000000200980140EDUULMC CURSOS DE IDIOMAS LTDA                                                                                000000000701202500000000                                 
7560001300001T 0605631000000200980140000029200301011     142129725000000010012025000000000018539033035440                         091000003567487825NABOR ALVES MONTEIRO                    00000000000000000000003500000000004                 
7560001300002U 060000000000000000000000000000000000000000000000000000000000000000000000185390000000000185390000000000000000000000000000000601202506012025    00000000000000000000000                       810380075600000000000000000000       
7560001300003T 0605631000000200980140000029207401011     140884549000000005012025000000000020693001035590                         091000022777304831THAIS DA SILVA BARBOSA                  00000000000000000000003500000000004                 
7560001300004U 060000000000000000000000000000000000000000000000000000000000000000000000206930000000000206930000000000000000000000000000000601202506012025    00000000000000000000000                       810328975600000000000000000000       
75600015         00000600000200000000000039232000000000000000000000000000000000000000000000000000000000000000000000                                                                                                                             
75699999         000001000008000000                                                                                                                                                                                                             
