75600000         232970660000191                    05631000000200980140EDUULMC CURSOS DE IDIOMAS LTDASICOOB                                  21109202409024500090108500000                                                                     
75600011T01  043 2032970660000191          563100002405631000000200980140EDUULMC CURSOS DE IDIOMAS LTDA                                                                                000000001109202400000000                                 
7560001300001T 0605631000000200980140000027932301011     142005152300000010092024000000000043259341040530                         091000017533829808CLEBER ANTONIO CHINELATO                00000000000000000000003500000000004                 
7560001300002U 060000000000000000000000000000000000000000000000000000000000000000000000432590000000000432590000000000000000000000000000001009202410092024    00000000000000000000000                       780194575600000000000000000000       
7560001300003T 0605631000000200980140000027936201011     143531209400000010092024000000000028302260000010                         091000054077099889JULIA ALMEIDA REIS                      00000000000000000000003500000000004                 
7560001300004U 060000000000000000000000000000000000000000000000000000000000000000000000283020000000000283020000000000000000000000000000001009202410092024    00000000000000000000000                       780271275600000000000000000000       
7560001300005T 0605631000000200980140000027945901011     141660202400000010092024000000000032000077000010                         091000008992109610SUELY GONCALVES DA SILVA                00000000000000000000003500000000004                 
7560001300006U 060000000000000000000000000000000000000000000000000000000000000000000000320000000000000320000000000000000000000000000000001009202410092024    00000000000000000000000                       780568575600000000000000000000       
7560001300007T 0605631000000200980140000027948001011     142149173800000010092024000000000016517001047520                         091000050020255870VITOR ANTUNES PEREIRA                   00000000000000000000003500000000004                 
7560001300008U 060000000000000000000000000000000000000000000000000000000000000000000000165170000000000165170000000000000000000000000000001009202410092024    00000000000000000000000                       780618475600000000000000000000       
7560001300009T 0605631000000200980140000027966301011     143930209400000010092024000000000015000260000010                         091000054077099889JULIA ALMEIDA REIS                      00000000000000000000003500000000004                 
7560001300010U 060000000000000000000000000000000000000000000000000000000000000000000000150000000000000150000000000000000000000000000000001009202410092024    00000000000000000000000                       780270675600000000000000000000       
75600015         00001200000500000000000135078000000000000000000000000000000000000000000000000000000000000000000000                                                                                                                             
75699999         000001000014000000                                                                                                                                                                                                             
