75600000         219895217000135                    05631000000200644540IWS CURSOS DE IDIOMAS LTDA    SICOOB                                  22712202420594400145508500000                                                                     
75600011T01  043 2019895217000135          563100002405631000000200644540IWS CURSOS DE IDIOMAS LTDA                                                                                    000000002712202400000000                                 
7560001300001T 0605631000000200644540000028879601011     142617195000000030122024000000000021000341014910                         091000044237668843AMERICO RICARDO COUTINHO DIAS           00000000000000000000000000000000004                 
7560001300002U 060000000000000000000000000000000000000000000000000000000000000000000000210000000000000210000000000000000000000000000000002712202427122024    00000000000000000000000                       808948675600000000000000000000       
7560001300003T 0605631000000200644540000028925001011     142973207200000030122024000000000034320341051410                         091000010402298918LUIGI SILVA FILIPPETTO                  00000000000000000000003500000000004                 
7560001300004U 060000000000000000000000000000000000000000000000000000000000000000000000343200000000000343200000000000000000000000000000002612202426122024    00000000000000000000000                       808580075600000000000000000000       
7560001300005T 0605631000000200644540000028938601011     139418125800000025122024000000000040810341003750                         091000044218123829NATHALIA VIRGINIA GOMES                 00000000000000000000003500000000004                 
7560001300006U 060000000000000000000000000000000000000000000000000000000000000000000000408100000000000408100000000000000000000000000000002612202426122024    00000000000000000000000                       808859175600000000000000000000       
7560001300007T 0605631000000200644540000028943301011     139454125900000025122024000000000037100033029860                         091000041028268823RODRIGO SANTIEGO DA SILVA               00000000000000000000003500000000004                 
7560001300008U 060000000000000000000000000000000000000000000000000000000000000000000000371000000000000371000000000000000000000000000000002612202426122024    00000000000000000000000                       808594575600000000000000000000       
75600015         00001000000400000000000133230000000000000000000000000000000000000000000000000000000000000000000000                                                                                                                             
75699999         000001000012000000                                                                                                                                                                                                             
