75600000         219895217000135                    05631000000200644540IWS CURSOS DE IDIOMAS LTDA    SICOOB                                  21106202408423600133508500000                                                                     
75600011T01  043 2019895217000135          563100002405631000000200644540IWS CURSOS DE IDIOMAS LTDA                                                                                    000000001106202400000000                                 
7560001300001T 0905631000000200644540000024916801011     135021400000000010122023000000000030000756056310                         091000039857755836ALINE NUNES DAL SOGLIO GUIDI            00000000000000000000003500000000013                 
7560001300002U 090000000000000000000000000000000000000000000000000000000000000000000000000000000000000000000000000000000000000000000000001006202410062024    00000000000000000000000                       756406175600000000000000000000       
7560001300003T 0905631000000200644540000024921501011     134876183000000010122023000000000025365756056310                         091000032988336814CARLOS HENRIQUE DE OLIVEIRA             00000000000000000000003500000000013                 
7560001300004U 090000000000000000000000000000000000000000000000000000000000000000000000000000000000000000000000000000000000000000000000001006202410062024    00000000000000000000000                       756406375600000000000000000000       
7560001300005T 0905631000000200644540000024944401011     137016264000000010122023000000000023320756056310                         091000026634012857JERRISLEI BENTO NOGUEIRA                00000000000000000000003500000000013                 
7560001300006U 090000000000000000000000000000000000000000000000000000000000000000000000000000000000000000000000000000000000000000000000001006202410062024    00000000000000000000000                       756406575600000000000000000000       
7560001300007T 0905631000000200644540000024949001011     138662196400000010122023000000000030000756056310                         091000036299312866LETICIA RAMOS SHINKAI                   00000000000000000000003500000000013                 
7560001300008U 090000000000000000000000000000000000000000000000000000000000000000000000000000000000000000000000000000000000000000000000001006202410062024    00000000000000000000000                       756406775600000000000000000000       
7560001300009T 0905631000000200644540000024950901011     135467184500000010122023000000000025365756056310                         091000042564299806LETTICIA POSCHI MOTA                    00000000000000000000003500000000013                 
7560001300010U 090000000000000000000000000000000000000000000000000000000000000000000000000000000000000000000000000000000000000000000000001006202410062024    00000000000000000000000                       756406975600000000000000000000       
7560001300011T 0905631000000200644540000024981701011     135177137200000010122023000000000026526756056310                         091000044202915836LAIS CREPALDI                           00000000000000000000003500000000013                 
7560001300012U 090000000000000000000000000000000000000000000000000000000000000000000000000000000000000000000000000000000000000000000000001006202410062024    00000000000000000000000                       756407175600000000000000000000       
7560001300013T 0905631000000200644540000024986301011     138728122700000010122023000000000010780756056310                         091000006332290838ROSANA DE PAULO                         00000000000000000000003500000000013                 
7560001300014U 090000000000000000000000000000000000000000000000000000000000000000000000000000000000000000000000000000000000000000000000001006202410062024    00000000000000000000000                       756407375600000000000000000000       
7560001300015T 0605631000000200644540000026802101011     140462198600000010062024000000000026700001070710                         091000013507076861ALEXANDRE LEAO LUCCHESI                 00000000000000000000003500000000004                 
7560001300016U 060000000000000000000000000000000000000000000000000000000000000000000000267000000000000267000000000000000000000000000000001006202410062024    00000000000000000000000                       755755075600000000000000000000       
7560001300017T 0605631000000200644540000026822901011     137490256000000010062024000000000037312001067610                         091000007810479865IDERALDO ELMER RIBEIRO                  00000000000000000000003500000000004                 
7560001300018U 060000000000000000000000000000000000000000000000000000000000000000000000373120000000000373120000000000000000000000000000001006202410062024    00000000000000000000000                       755976875600000000000000000000       
7560001300019T 0605631000000200644540000026827501011     138669196400000010062024000000000030000033001540                         091000036299312866LETICIA RAMOS SHINKAI                   00000000000000000000003500000000004                 
7560001300020U 060000000000000000000000000000000000000000000000000000000000000000000000300000000000000300000000000000000000000000000000001006202410062024    00000000000000000000000                       755736875600000000000000000000       
7560001300021T 0605631000000200644540000026841901011     140865190000000010062024000000000022260341038090                         091000008563118803SIMONE SOARES ZUANETTI                  00000000000000000000003500000000004                 
7560001300022U 060000000000000000000000000000000000000000000000000000000000000000000000222600000000000222600000000000000000000000000000001006202410062024    00000000000000000000000                       755786475600000000000000000000       
7560001300023T 0605631000000200644540000026844001011     140913151400000010062024000000000022247033001070                         091000004913644823VALQUIRIA DE CASSIA NUNES SOARES        00000000000000000000003500000000004                 
7560001300024U 060000000000000000000000000000000000000000000000000000000000000000000000222470000000000222470000000000000000000000000000001006202410062024    00000000000000000000000                       756565475600000000000000000000       
7560001300025T 0605631000000200644540000026847201011     138077193400000010062024000000000032000341040530                         091000031689196831ANDREIA APARECIDA LIMA DA CRUZ          00000000000000000000003500000000004                 
7560001300026U 060000000000000000000000000000000000000000000000000000000000000000000000320000000000000320000000000000000000000000000000001006202410062024    00000000000000000000000                       756504375600000000000000000000       
7560001300027T 0605631000000200644540000026848001011     137900143100000010062024000000000040810001058030                         091000017612949890ELISABETH NOGUEIRA MARTINS              00000000000000000000003500000000004                 
7560001300028U 060000000000000000000000000000000000000000000000000000000000000000000000408100000000000408100000000000000000000000000000001006202410062024    00000000000000000000000                       756329075600000000000000000000       
7560001300029T 0605631000000200644540000026850501011     139698134100000010062024000000000040810341040530                         091000017533829808CLEBER ANTONIO CHINELATO                00000000000000000000003500000000004                 
7560001300030U 060000000000000000000000000000000000000000000000000000000000000000000000408100000000000408100000000000000000000000000000001006202410062024    00000000000000000000000                       756140175600000000000000000000       
7560001300031T 0605631000000200644540000026852001011     139722134400000010062024000000000036729341040530                         091000017533829808CLEBER ANTONIO CHINELATO                00000000000000000000003500000000004                 
7560001300032U 060000000000000000000000000000000000000000000000000000000000000000000000367290000000000367290000000000000000000000000000001006202410062024    00000000000000000000000                       755981875600000000000000000000       
7560001300033T 0605631000000200644540000026854401011     140625128000000010062024000000000030905033001540                         091000098638726287DAN SHINKAI                             00000000000000000000003500000000004                 
7560001300034U 060000000000000000000000000000000000000000000000000000000000000000000000309050000000000309050000000000000000000000000000001006202410062024    00000000000000000000000                       755985775600000000000000000000       
7560001300035T 0605631000000200644540000026946701011     139746163300000015062024000000000019080341031500                         091000030578064812CLEBER ROBERTO BERGER                   00000000000000000000003500000000004                 
7560001300036U 060000000000000000000000000000000000000000000000000000000000000000000000190800000000000190800000000000000000000000000000001006202410062024    00000000000000000000000                       756141275600000000000000000000       
7560001300037T 0605631000000200644540000026966401011     138884124200000015062024000000000036729237011910                         091000017129471840LISANDRA MARQUES ALISEDA SEDRANI        00000000000000000000003500000000004                 
7560001300038U 060000000000000000000000000000000000000000000000000000000000000000000000367290000000000367290000000000000000000000000000001006202410062024    00000000000000000000000                       755742975600000000000000000000       
7560001300039T 0605631000000200644540000026989301011     137848240000000009062024000000000174750341000460                         092062430194000112BRASPAR                                 00000000000000000000003500000000004                 
7560001300040U 060000000000000000000000000000000000000000000000000000000000000000000001747500000000001747500000000000000000000000000000001006202410062024    00000000000000000000000                       756093775600000000000000000000       
7560001300041T 0605631000000200644540000026990101011     138159210000000010062024000000000443000341014800                         092004731867000178INNOVAPACK                              00000000000000000000003500000000004                 
7560001300042U 060000000000000000000000000000000000000000000000000000000000000000000004430000000000004430000000000000000000000000000000001006202410062024    00000000000000000000000                       756499675600000000000000000000       
7560001300043T 0605631000000200644540000027007201011     140190734000000020062024000000000004904237032460                         091000019605248875PEDRO FELICIANO DE ROSA                 00000000000000000000003500000000004                 
7560001300044U 060000000000000000000000000000000000000000000000000000000000000000000000049040000000000049040000000000000000000000000000001006202410062024    00000000000000000000000                       756482875600000000000000000000       
75600015         00004600002200000000001169592000000000000000000000000000000000000000000000000000000000000000000000                                                                                                                             
75699999         000001000048000000                                                                                                                                                                                                             
