75600000         219895217000135                    05631000000200644540IWS CURSOS DE IDIOMAS LTDA    SICOOB                                  20808202408032500136808500000                                                                     
75600011T01  043 2019895217000135          563100002405631000000200644540IWS CURSOS DE IDIOMAS LTDA                                                                                    000000000808202400000000                                 
7560001300001T 0605631000000200644540000027474301011     141477169200000010082024000000000024000237012310                         091000011874897867LUIZ ALEXANDRE PROFITTI                 00000000000000000000003500000000004                 
7560001300002U 060000000000000000000000000000000000000000000000000000000000000000000000240000000000000240000000000000000000000000000000000708202407082024    00000000000000000000000                       771118575600000000000000000000       
7560001300003T 0605631000000200644540000027483001011     140048184500000010082024000000000028302260000010                         091000042564299806LETTICIA POSCHI MOTA                    00000000000000000000003500000000004                 
7560001300004U 060000000000000000000000000000000000000000000000000000000000000000000000283020000000000283020000000000000000000000000000000708202407082024    00000000000000000000000                       771442575600000000000000000000       
7560001300005T 0605631000000200644540000027485401011     140831167100000010082024000000000019775001059670                         091000099343460872WANDERLEY JOSE RAMOS VENANCIO           00000000000000000000003500000000004                 
7560001300006U 060000000000000000000000000000000000000000000000000000000000000000000000197750000000000197750000000000000000000000000000000708202407082024    00000000000000000000000                       771105675600000000000000000000       
7560001300007T 0605631000000200644540000027486101011     141585169000000010082024000000000024000237012310                         091000011874897867LUIZ ALEXANDRE PROFITTI                 00000000000000000000003500000000004                 
7560001300008U 060000000000000000000000000000000000000000000000000000000000000000000000240000000000000240000000000000000000000000000000000708202407082024    00000000000000000000000                       771153675600000000000000000000       
7560001300009T 0605631000000200644540000027490101011     140288187300000010082024000000000031800033000600                         091000032837190802THAIS CRISTINA DA COSTA GHIDELLI CAMPOS 00000000000000000000003500000000004                 
7560001300010U 060000000000000000000000000000000000000000000000000000000000000000000000318000000000000318000000000000000000000000000000000708202407082024    00000000000000000000000                       771353475600000000000000000000       
7560001300011T 0605631000000200644540000027495801011     142649140000000010082024000000000028090341006460                         091000048087608860BIANCA OLIVEIRA SILVA                   00000000000000000000003500000000004                 
7560001300012U 060000000000000000000000000000000000000000000000000000000000000000000000280900000000000280900000000000000000000000000000000708202407082024    00000000000000000000000                       771364275600000000000000000000       
7560001300013T 0605631000000200644540000027645301011     142805114300000020082024000000000055650341090730                         091000053372620763LILIAN VALERIO MARTELLETO               00000000000000000000003500000000004                 
7560001300014U 060000000000000000000000000000000000000000000000000000000000000000000000556500000000000556500000000000000000000000000000000708202407082024    00000000000000000000000                       771141775600000000000000000000       
75600015         00001600000700000000000211617000000000000000000000000000000000000000000000000000000000000000000000                                                                                                                             
75699999         000001000018000000                                                                                                                                                                                                             
