75600000         219895217000135                    05631000000200644540IWS CURSOS DE IDIOMAS LTDA    SICOOB                                  22908202408432900138108500000                                                                     
75600011T01  043 2019895217000135          563100002405631000000200644540IWS CURSOS DE IDIOMAS LTDA                                                                                    000000002908202400000000                                 
7560001300001T 0605631000000200644540000027952001011     143850211300000030082024000000000015000001068150                         091000042656568897LAYANA BRITO LIMA                       00000000000000000000003500000000004                 
7560001300002U 060000000000000000000000000000000000000000000000000000000000000000000000150000000000000150000000000000000000000000000000002808202428082024    00000000000000000000000                       776877575600000000000000000000       
75600015         00000400000100000000000015000000000000000000000000000000000000000000000000000000000000000000000000                                                                                                                             
75699999         000001000006000000                                                                                                                                                                                                             
