75600000         229492820000120                    05631000000200873060ANEXA IDIOMAS LTDA            SICOOB                                  21001202509211300118308500000                                                                     
75600011T01  043 2029492820000120          563100002405631000000200873060ANEXA IDIOMAS LTDA                                                                                            000000001001202500000000                                 
7560001300001T 0605631000000200873060000029269801011     139299128600000010012025000000000017331341007560                         091000000623528819ANTONIO CARLOS DA SILVA                 00000000000000000000003500000000004                 
7560001300002U 060000000000000000000000000000000000000000000000000000000000000000000000173310000000000173310000000000000000000000000000000901202509012025    00000000000000000000000                       811957375600000000000000000000       
75600015         00000400000100000000000017331000000000000000000000000000000000000000000000000000000000000000000000                                                                                                                             
75699999         000001000006000000                                                                                                                                                                                                             
