75600000         219895217000135                    05631000000200644540IWS CURSOS DE IDIOMAS LTDA    SICOOB                                  22005202408231800132308500000                                                                     
75600011T01  043 2019895217000135          563100002405631000000200644540IWS CURSOS DE IDIOMAS LTDA                                                                                    000000002005202400000000                                 
7560001300001T 0605631000000200644540000026401701011     137708192600000030042024000000000024750033007280                         091000026592685840DANIELLY VAZ CORONADO                   00000000000000000000000000000000004                 
7560001300002U 060000000000006310000000000000000000000000000000000000000000000000000000253810000000000253810000000000000000000000000000001705202417052024    00000000000000000000000                       750782775600000000000000000000       
7560001300003T 0605631000000200644540000026752801011     142497720000000025052024000000000037312104040420                         091000033774740801BRUNA BRITO DE MIRANDA                  00000000000000000000000000000000004                 
7560001300004U 060000000000000000000000000000000000000000000000000000000000000000000000373120000000000373120000000000000000000000000000001705202417052024    00000000000000000000000                       750865975600000000000000000000       
75600015         00000600000200000000000062062000000000000000000000000000000000000000000000000000000000000000000000                                                                                                                             
75699999         000001000008000000                                                                                                                                                                                                             
