75600000         229492820000120                    05631000000200873060ANEXA IDIOMAS LTDA            SICOOB                                  20301202514220800117908500000                                                                     
75600011T01  043 2029492820000120          563100002405631000000200873060ANEXA IDIOMAS LTDA                                                                                            000000000301202500000000                                 
7560001300001T 0905631000000200873060000027145101011     140035187100000005072024000000000017914756056310                         091000058254616809MARCO RODRIGUES PEREIRA                 00000000000000000000003500000000013                 
7560001300002U 090000000000000000000000000000000000000000000000000000000000000000000000000000000000000000000000000000000000000000000000000201202502012025    00000000000000000000000                       809987275600000000000000000000       
7560001300003T 0905631000000200873060000027146901011     142890206600000005072024000000000022200756056310                         091000033585731848SHISLENE REIS SANTANA GOMES             00000000000000000000003500000000013                 
7560001300004U 090000000000000000000000000000000000000000000000000000000000000000000000000000000000000000000000000000000000000000000000000201202502012025    00000000000000000000000                       809987475600000000000000000000       
7560001300005T 0605631000000200873060000028974901011     139884189100000020122024000000000033920341007570                         091000036517885803FERNANDO HENRIQUE CESTO ASCENSO         00000000000000000000003500000000004                 
7560001300006U 060000000000008210000000000000000000000000000000000000000000000000000000347410000000000347410000000000000000000000000000000201202502012025    00000000000000000000000                       809723275600000000000000000000       
7560001300007T 0605631000000200873060000029172901011     140125136300000015012025000000000064130237011950                         091000011975390857ROSANA GONCALVES DE OLIVEIRA            00000000000000000000003500000000004                 
7560001300008U 060000000000000000000000000000000000000000000000000000000000000000000000641300000000000641300000000000000000000000000000000201202502012025    00000000000000000000000                       809817975600000000000000000000       
7560001300009T 0605631000000200873060000029178201011     143439208000000010012025000000000022200033000600                         091000034253088821DRYELLE SOUSA SAMPAIO                   00000000000000000000003500000000004                 
7560001300010U 060000000000000000000000000000000000000000000000000000000000000000000000222000000000000222000000000000000000000000000000000201202502012025    00000000000000000000000                       809824075600000000000000000000       
75600015         00001200000500000000000160364000000000000000000000000000000000000000000000000000000000000000000000                                                                                                                             
75699999         000001000014000000                                                                                                                                                                                                             
