75600000         229492820000120                    05631000000200873060ANEXA IDIOMAS LTDA            SICOOB                                  20807202409025300108808500000                                                                     
75600011T01  043 2029492820000120          563100002405631000000200873060ANEXA IDIOMAS LTDA                                                                                            000000000807202400000000                                 
7560001300001T 0605631000000200873060000027142001011     139651186900000005072024000000000018974033035540                         091000019275440840DANIELA APARECIDA FERREIRA CHAVES       00000000000000000000003500000000004                 
7560001300002U 060000000000000000000000000000000000000000000000000000000000000000000000189740000000000189740000000000000000000000000000000507202405072024    00000000000000000000000                       762882375600000000000000000000       
7560001300003T 0605631000000200873060000027195001011     141915204200000010072024000000000022880341073860                         091000041101415835CAROLINE BRITO DE DEUS OLIVEIRA         00000000000000000000003500000000004                 
7560001300004U 060000000000000000000000000000000000000000000000000000000000000000000000228800000000000228800000000000000000000000000000000507202405072024    00000000000000000000000                       762941575600000000000000000000       
75600015         00000600000200000000000041854000000000000000000000000000000000000000000000000000000000000000000000                                                                                                                             
75699999         000001000008000000                                                                                                                                                                                                             
