75600000         229492820000120                    05631000000200873060ANEXA IDIOMAS LTDA            SICOOB                                  21010202408422300113608500000                                                                     
75600011T01  043 2029492820000120          563100002405631000000200873060ANEXA IDIOMAS LTDA                                                                                            000000001010202400000000                                 
7560001300001T 0605631000000200873060000028275301011     142675194600000015102024000000000018974341073860                         091000000580681637VIVIANE DALCIN GARCIA DE OLIVEIRA       00000000000000000000003500000000004                 
7560001300002U 060000000000000000000000000000000000000000000000000000000000000000000000189740000000000189740000000000000000000000000000000910202409102024    00000000000000000000000                       787917475600000000000000000000       
75600015         00000400000100000000000018974000000000000000000000000000000000000000000000000000000000000000000000                                                                                                                             
75699999         000001000006000000                                                                                                                                                                                                             
