75600000         219895217000135                    05631000000200644540IWS CURSOS DE IDIOMAS LTDA    SICOOB                                  23110202408424900142108500000                                                                     
75600011T01  043 2019895217000135          563100002405631000000200644540IWS CURSOS DE IDIOMAS LTDA                                                                                    000000003110202400000000                                 
7560001300001T 0605631000000200644540000028398701011     142971207200000030102024000000000034320422000090                         091000010402298918LUIGI SILVA FILIPPETTO                  00000000000000000000003500000000004                 
7560001300002U 060000000000000000000000000000000000000000000000000000000000000000000000343200000000000343200000000000000000000000000000003010202430102024    00000000000000000000000                       793175875600000000000000000000       
7560001300003T 0605631000000200644540000028404701011     142090323000000030102024000000000025872341008660                         091000004471029908LEANDRO AUGUSTO CALIXTO                 00000000000000000000003500000000004                 
7560001300004U 060000000000000000000000000000000000000000000000000000000000000000000000258720000000000258720000000000000000000000000000003010202430102024    00000000000000000000000                       793074775600000000000000000000       
7560001300005T 0605631000000200644540000028405401011     143246389000000030102024000000000204016033021460                         091000011588248828MAURICIO MARTINELLI SILVA LUPERI        00000000000000000000003500000000004                 
7560001300006U 060000000000000000000000000000000000000000000000000000000000000000000002040160000000002040160000000000000000000000000000003010202430102024    00000000000000000000000                       793067875600000000000000000000       
7560001300007T 0605631000000200644540000028476701011     143319155700000005112024000000000028090341066900                         091000043483096809SABRINA DE OLIVEIRA TAVARES             00000000000000000000003500000000004                 
7560001300008U 060000000000000000000000000000000000000000000000000000000000000000000000280900000000000280900000000000000000000000000000003010202430102024    00000000000000000000000                       793079675600000000000000000000       
75600015         00001000000400000000000292298000000000000000000000000000000000000000000000000000000000000000000000                                                                                                                             
75699999         000001000012000000                                                                                                                                                                                                             
