75600000         219895217000135                    05631000000200644540IWS CURSOS DE IDIOMAS LTDA    SICOOB                                  21705202408212300132208500000                                                                     
75600011T01  043 2019895217000135          563100002405631000000200644540IWS CURSOS DE IDIOMAS LTDA                                                                                    000000001705202400000000                                 
7560001300001T 0605631000000200644540000026482301011     140129185400000015052024000000000009628077000010                         091000002688745492MARTA MIKAELLE TORRES                   00000000000000000000003500000000004                 
7560001300002U 060000000000001960000000000000000000000000000000000000000000000000000000098240000000000098240000000000000000000000000000001605202416052024    00000000000000000000000                       750566775600000000000000000000       
7560001300003T 0605631000000200644540000026708301011     139901127700000025052024000000000036729001058030                         091000054691277889GABRIEL NOGUEIRA MARTINS ALVARENGA      00000000000000000000003500000000004                 
7560001300004U 060000000000000000000000000000000000000000000000000000000000000000000000367290000000000367290000000000000000000000000000001605202416052024    00000000000000000000000                       750613675600000000000000000000       
75600015         00000600000200000000000046357000000000000000000000000000000000000000000000000000000000000000000000                                                                                                                             
75699999         000001000008000000                                                                                                                                                                                                             
