75600000         232970660000191                    05631000000200980140EDUULMC CURSOS DE IDIOMAS LTDASICOOB                                  20107202408031600086508500000                                                                     
75600011T01  043 2032970660000191          563100002405631000000200980140EDUULMC CURSOS DE IDIOMAS LTDA                                                                                000000000107202400000000                                 
7560001300001T 0905631000000200980140000025162101011     137231191900000030122023000000000025000756056310                         091000041416631828GABRIEL RODRIGUES BATISTA               00000000000000000000003500000000013                 
7560001300002U 090000000000000000000000000000000000000000000000000000000000000000000000000000000000000000000000000000000000000000000000002806202428062024    00000000000000000000000                       761148975600000000000000000000       
7560001300003T 0905631000000200980140000025165301011     133595311000000030122023000000000018742756056310                         091000035117172809KAREN STUART SILVA                      00000000000000000000003500000000013                 
7560001300004U 090000000000000000000000000000000000000000000000000000000000000000000000000000000000000000000000000000000000000000000000002806202428062024    00000000000000000000000                       761148875600000000000000000000       
7560001300005T 0605631000000200980140000027074601011     140082137400000028062024000000000040810341037990                         091000028686773800RENATO MONTEFUSCO                       00000000000000000000003500000000004                 
7560001300006U 060000000000000000000000000000000000000000000000000000000000000000000000408100000000000408100000000000000000000000000000002806202428062024    00000000000000000000000                       761090775600000000000000000000       
75600015         00000800000300000000000084552000000000000000000000000000000000000000000000000000000000000000000000                                                                                                                             
75699999         000001000010000000                                                                                                                                                                                                             
