75600000         219895217000135                    05631000000200644540IWS CURSOS DE IDIOMAS LTDA    SICOOB                                  21110202408432200141008500000                                                                     
75600011T01  043 2019895217000135          563100002405631000000200644540IWS CURSOS DE IDIOMAS LTDA                                                                                    000000001110202400000000                                 
7560001300001T 0605631000000200644540000028099901011     141805138800000005102024000000000045000104030410                         091000027156202847DEBORA FERREIRA TRINDADE                00000000000000000000003500000000004                 
7560001300002U 060000000000009750000000000000000000000000000000000000000000000000000000459750000000000459750000000000000000000000000000001010202410102024    00000000000000000000000                       788332275600000000000000000000       
7560001300003T 0605631000000200644540000028131001011     144041120100000010102024000000000034607033002360                         091000037917191818JACQUELINE ALVES TAMURA                 00000000000000000000003500000000004                 
7560001300004U 060000000000000000000000000000000000000000000000000000000000000000000000346070000000000346070000000000000000000000000000001010202410102024    00000000000000000000000                       788300175600000000000000000000       
7560001300005T 0605631000000200644540000028134201011     140466198600000010102024000000000026700001070710                         091000013507076861ALEXANDRE LEAO LUCCHESI                 00000000000000000000003500000000004                 
7560001300006U 060000000000000000000000000000000000000000000000000000000000000000000000267000000000000267000000000000000000000000000000001010202410102024    00000000000000000000000                       788281875600000000000000000000       
7560001300007T 0605631000000200644540000028151801011     143728210400000010102024000000000005000033000890                         091000035003158874GABRIELA CARVALHO                       00000000000000000000003500000000004                 
7560001300008U 060000000000000000000000000000000000000000000000000000000000000000000000050000000000000050000000000000000000000000000000001010202410102024    00000000000000000000000                       788337175600000000000000000000       
7560001300009T 0605631000000200644540000028158901011     143802208600000010102024000000000007500001030260                         091000034465431805JACIANE IZIDORIO DE OLIVEIRA SOUZA      00000000000000000000003500000000004                 
7560001300010U 060000000000000000000000000000000000000000000000000000000000000000000000075000000000000075000000000000000000000000000000001010202410102024    00000000000000000000000                       788277275600000000000000000000       
7560001300011T 0605631000000200644540000028159601011     142405264000000010102024000000000024719033010360                         091000026634012857JERRISLEI BENTO NOGUEIRA                00000000000000000000003500000000004                 
7560001300012U 060000000000000000000000000000000000000000000000000000000000000000000000247190000000000247190000000000000000000000000000001010202410102024    00000000000000000000000                       788300775600000000000000000000       
7560001300013T 0605631000000200644540000028163601011     140833167100000010102024000000000019775104040790                         091000099343460872WANDERLEY JOSE RAMOS VENANCIO           00000000000000000000003500000000004                 
7560001300014U 060000000000000000000000000000000000000000000000000000000000000000000000197750000000000197750000000000000000000000000000001010202410102024    00000000000000000000000                       788513475600000000000000000000       
7560001300015T 0605631000000200644540000028170801011     144102212400000010102024000000000036700237012310                         091000032139645812TATIANA MATOS SILVA                     00000000000000000000003500000000004                 
7560001300016U 060000000000000000000000000000000000000000000000000000000000000000000000367000000000000367000000000000000000000000000000001010202410102024    00000000000000000000000                       788294775600000000000000000000       
7560001300017T 0605631000000200644540000028171501011     144114212400000010102024000000000036700237012310                         091000032139645812TATIANA MATOS SILVA                     00000000000000000000003500000000004                 
7560001300018U 060000000000000000000000000000000000000000000000000000000000000000000000367000000000000367000000000000000000000000000000001010202410102024    00000000000000000000000                       788356775600000000000000000000       
7560001300019T 0605631000000200644540000028179301011     139702134100000010102024000000000040810341040530                         091000017533829808CLEBER ANTONIO CHINELATO                00000000000000000000003500000000004                 
7560001300020U 060000000000000000000000000000000000000000000000000000000000000000000000408100000000000408100000000000000000000000000000001010202410102024    00000000000000000000000                       788342875600000000000000000000       
7560001300021T 0605631000000200644540000028180101011     139726134400000010102024000000000036729341040530                         091000017533829808CLEBER ANTONIO CHINELATO                00000000000000000000003500000000004                 
7560001300022U 060000000000000000000000000000000000000000000000000000000000000000000000367290000000000367290000000000000000000000000000001010202410102024    00000000000000000000000                       788374075600000000000000000000       
7560001300023T 0605631000000200644540000028243001011     140146391000000015102024000000000014712341031500                         091000032679656830MAURO AUGUSTO LINO DE ARAUJO            00000000000000000000003500000000004                 
7560001300024U 060000000000000000000000000000000000000000000000000000000000000000000000147120000000000147120000000000000000000000000000001010202410102024    00000000000000000000000                       788658375600000000000000000000       
7560001300025T 0605631000000200644540000028299201011     143520210000000010102024000000000425855341014800                         092004731867000178INNOVAPACK                              00000000000000000000003500000000004                 
7560001300026U 060000000000000000000000000000000000000000000000000000000000000000000004258550000000004258550000000000000000000000000000001010202410102024    00000000000000000000000                       788309875600000000000000000000       
75600015         00002800001300000000000754807000000000000000000000000000000000000000000000000000000000000000000000                                                                                                                             
75699999         000001000030000000                                                                                                                                                                                                             
