75600000         229492820000120                    05631000000200873060ANEXA IDIOMAS LTDA            SICOOB                                  21002202511223800119708500000                                                                     
75600011T01  043 2029492820000120          563100002405631000000200873060ANEXA IDIOMAS LTDA                                                                                            000000001002202500000000                                 
7560001300001T 0905631000000200873060000027502201011     139640189200000010082024000000000018974756056310                         091000026577600821ANA PAULA PEREIRA DA SILVA              00000000000000000000003500000000013                 
7560001300002U 090000000000000000000000000000000000000000000000000000000000000000000000000000000000000000000000000000000000000000000000000702202507022025    00000000000000000000000                       819794375600000000000000000000       
7560001300003T 0905631000000200873060000027503001011     141980172600000010082024000000000020112756056310                         091000020533601860LUCIANA CARVALHO                        00000000000000000000003500000000013                 
7560001300004U 090000000000000000000000000000000000000000000000000000000000000000000000000000000000000000000000000000000000000000000000000702202507022025    00000000000000000000000                       819794475600000000000000000000       
7560001300005T 0905631000000200873060000027507901011     139916133200000010082024000000000024200756056310                         091000037261643831GABRIELA RAMOS DOS SANTOS               00000000000000000000003500000000013                 
7560001300006U 090000000000000000000000000000000000000000000000000000000000000000000000000000000000000000000000000000000000000000000000000702202507022025    00000000000000000000000                       819793375600000000000000000000       
7560001300007T 0905631000000200873060000027509301011     140542199200000010082024000000000032000756056310                         091000027230658802DAGMAR DE OLIVEIRA MOTA PENHA           00000000000000000000003500000000013                 
7560001300008U 090000000000000000000000000000000000000000000000000000000000000000000000000000000000000000000000000000000000000000000000000702202507022025    00000000000000000000000                       819793475600000000000000000000       
7560001300009T 0905631000000200873060000027513301011     138874159000000010082024000000000020000756056310                         091000044355857824LEANDRO DA PAZ PEDRO                    00000000000000000000003500000000013                 
7560001300010U 090000000000000000000000000000000000000000000000000000000000000000000000000000000000000000000000000000000000000000000000000702202507022025    00000000000000000000000                       819793575600000000000000000000       
7560001300011T 0905631000000200873060000027515801011     140379197900000010082024000000000022200756056310                         091000031691253898LEANDRO FERREIRA MUNIZ                  00000000000000000000003500000000013                 
7560001300012U 090000000000000000000000000000000000000000000000000000000000000000000000000000000000000000000000000000000000000000000000000702202507022025    00000000000000000000000                       819793675600000000000000000000       
7560001300013T 0905631000000200873060000027516501011     141525497000000010082024000000000047488756056310                         091000025609453801MARCIA HELENA FERNANDES                 00000000000000000000003500000000013                 
7560001300014U 090000000000000000000000000000000000000000000000000000000000000000000000000000000000000000000000000000000000000000000000000702202507022025    00000000000000000000000                       819793775600000000000000000000       
7560001300015T 0905631000000200873060000027517201011     139378184800000010082024000000000028302756056310                         091000016158461822SERGIO APARECIDO DE BARROS SILVA        00000000000000000000003500000000013                 
7560001300016U 090000000000000000000000000000000000000000000000000000000000000000000000000000000000000000000000000000000000000000000000000702202507022025    00000000000000000000000                       819793875600000000000000000000       
7560001300017T 0905631000000200873060000027520501011     142330205800000010082024000000000022000756056310                         091000046586007810NICOLE DOS SANTOS                       00000000000000000000003500000000013                 
7560001300018U 090000000000000000000000000000000000000000000000000000000000000000000000000000000000000000000000000000000000000000000000000702202507022025    00000000000000000000000                       819792775600000000000000000000       
7560001300019T 0905631000000200873060000027522001011     141561190900000010082024000000000018868756056310                         091000042658157827SABRINA ARILAINE SOUZA OLIVEIRA         00000000000000000000003500000000013                 
7560001300020U 090000000000000000000000000000000000000000000000000000000000000000000000000000000000000000000000000000000000000000000000000702202507022025    00000000000000000000000                       819792875600000000000000000000       
7560001300021T 0905631000000200873060000027524401011     140903123200000010082024000000000022123756056310                         091000012980636800ALEXANDRO SOARES                        00000000000000000000003500000000013                 
7560001300022U 090000000000000000000000000000000000000000000000000000000000000000000000000000000000000000000000000000000000000000000000000702202507022025    00000000000000000000000                       819792975600000000000000000000       
7560001300023T 0605631000000200873060000029416101011     141962204500000010022025000000000022200260000010                         091000033025700823SHIRLEI BATISTA MORILLO                 00000000000000000000003500000000004                 
7560001300024U 060000000000000000000000000000000000000000000000000000000000000000000000222000000000000222000000000000000000000000000000000702202507022025    00000000000000000000000                       819869975600000000000000000000       
7560001300025T 0605631000000200873060000029425801011     145010162200000010022025000000000031517341069060                         091000036877483839LARISSA BARBOZA                         00000000000000000000003500000000004                 
7560001300026U 060000000000000000000000000000000000000000000000000000000000000000000000315170000000000315170000000000000000000000000000000702202507022025    00000000000000000000000                       819475375600000000000000000000       
75600015         00002800001300000000000329984000000000000000000000000000000000000000000000000000000000000000000000                                                                                                                             
75699999         000001000030000000                                                                                                                                                                                                             
