75600000         219895217000135                    05631000000200644540IWS CURSOS DE IDIOMAS LTDA    SICOOB                                  22108202408424200137608500000                                                                     
75600011T01  043 2019895217000135          563100002405631000000200644540IWS CURSOS DE IDIOMAS LTDA                                                                                    000000002108202400000000                                 
7560001300001T 0605631000000200644540000027632801011     140012147600000020082024000000000031500033010360                         091000043062398884KARINE ARAUJO DOS ANJOS                 00000000000000000000003500000000004                 
7560001300002U 060000000000000000000000000000000000000000000000000000000000000000000000315000000000000315000000000000000000000000000000002008202420082024    00000000000000000000000                       775316275600000000000000000000       
7560001300003T 0605631000000200644540000027635001011     138567195900000020082024000000000060000341086090                         091000027789099825DANIELA COLAPIETRO RODRIGUES            00000000000000000000003500000000004                 
7560001300004U 060000000000000000000000000000000000000000000000000000000000000000000000600000000000000600000000000000000000000000000000002008202420082024    00000000000000000000000                       775299575600000000000000000000       
7560001300005T 0605631000000200644540000027636701011     142841354000000020082024000000000026993033007660                         091000021920881832MARCELO DA SILVA FREIRE                 00000000000000000000003500000000004                 
7560001300006U 060000000000000000000000000000000000000000000000000000000000000000000000269930000000000269930000000000000000000000000000002008202420082024    00000000000000000000000                       775127375600000000000000000000       
7560001300007T 0605631000000200644540000027640701011     143345207700000020082024000000000034500001015550                         091000027757867827MIRIAN FREIRE IWATA                     00000000000000000000003500000000004                 
7560001300008U 060000000000000000000000000000000000000000000000000000000000000000000000345000000000000345000000000000000000000000000000002008202420082024    00000000000000000000000                       775106575600000000000000000000       
7560001300009T 0605631000000200644540000027641401011     141822203600000020082024000000000028700077000010                         091000036613110850NATALIA APARECIDA DE PAULA RIBEIRO      00000000000000000000003500000000004                 
7560001300010U 060000000000000000000000000000000000000000000000000000000000000000000000287000000000000287000000000000000000000000000000002008202420082024    00000000000000000000000                       775225575600000000000000000000       
7560001300011T 0605631000000200644540000027644601011     139282489000000020082024000000000027961237001560                         091000048915085825JOYCE BOLOGNANI ROVERI                  00000000000000000000003500000000004                 
7560001300012U 060000000000000000000000000000000000000000000000000000000000000000000000279610000000000279610000000000000000000000000000002008202420082024    00000000000000000000000                       775121875600000000000000000000       
7560001300013T 0605631000000200644540000027646001011     139486132200000020082024000000000034280341062410                         091000000887279805THAIS FAE LAVAREDA DE SOUZA             00000000000000000000003500000000004                 
7560001300014U 060000000000000000000000000000000000000000000000000000000000000000000000342800000000000342800000000000000000000000000000002008202420082024    00000000000000000000000                       775141475600000000000000000000       
7560001300015T 0605631000000200644540000027685801011     142661720000000025082024000000000039551104040420                         091000033774740801BRUNA BRITO DE MIRANDA                  00000000000000000000003500000000004                 
7560001300016U 060000000000000000000000000000000000000000000000000000000000000000000000395510000000000395510000000000000000000000000000002008202420082024    00000000000000000000000                       775267375600000000000000000000       
75600015         00001800000800000000000283485000000000000000000000000000000000000000000000000000000000000000000000                                                                                                                             
75699999         000001000020000000                                                                                                                                                                                                             
