75600000         232970660000191                    05631000000200980140EDUULMC CURSOS DE IDIOMAS LTDASICOOB                                  22207202408234600087408500000                                                                     
75600011T01  043 2032970660000191          563100002405631000000200980140EDUULMC CURSOS DE IDIOMAS LTDA                                                                                000000002207202400000000                                 
7560001300001T 0905631000000200980140000025417501011     134945183400000020012024000000000022695756056310                         091000013190825645VINICIUS HENRIQUE SILVEIRA              00000000000000000000003500000000013                 
7560001300002U 090000000000000000000000000000000000000000000000000000000000000000000000000000000000000000000000000000000000000000000000001907202419072024    00000000000000000000000                       767211575600000000000000000000       
7560001300003T 0605631000000200980140000027344001011     139089158400000020072024000000000023203237001540                         091000043877622844DANIELLE AQUINO GASPAR                  00000000000000000000003500000000004                 
7560001300004U 060000000000000000000000000000000000000000000000000000000000000000000000232030000000000232030000000000000000000000000000001907202419072024    00000000000000000000000                       767083475600000000000000000000       
7560001300005T 0605631000000200980140000027422001011     140950191200000030072024000000000033920237006570                         091000020272815845ALEX SANDRO CHELA                       00000000000000000000003500000000004                 
7560001300006U 060000000000000000000000000000000000000000000000000000000000000000000000339200000000000339200000000000000000000000000000001907202419072024    00000000000000000000000                       767084775600000000000000000000       
75600015         00000800000300000000000079818000000000000000000000000000000000000000000000000000000000000000000000                                                                                                                             
75699999         000001000010000000                                                                                                                                                                                                             
