75600000         219895217000135                    05631000000200644540IWS CURSOS DE IDIOMAS LTDA    SICOOB                                  20508202409015300136508500000                                                                     
75600011T01  043 2019895217000135          563100002405631000000200644540IWS CURSOS DE IDIOMAS LTDA                                                                                    000000000508202400000000                                 
7560001300001T 0605631000000200644540000025428601011     138291422000000010082024000000000031482104040800                         091000053378733853PEDRO TAMOTSU HARA                      00000000000000000000003500000000004                 
7560001300002U 060000000000000000000000000000000000000000000000000000000000000000000000314820000000000314820000000000000000000000000000000208202402082024    00000000000000000000000                       769858375600000000000000000000       
7560001300003T 0605631000000200644540000027472901011     140428198200000010082024000000000022500001068210                         091000032864696886DANILO NOVO OTAVIANO                    00000000000000000000003500000000004                 
7560001300004U 060000000000000000000000000000000000000000000000000000000000000000000000225000000000000225000000000000000000000000000000000208202402082024    00000000000000000000000                       769973775600000000000000000000       
7560001300005T 0605631000000200644540000027620001011     143543157000000010082024000000000007500001001400                         091000007057855990KAUANNE FERREIRA DE MELO                00000000000000000000003500000000004                 
7560001300006U 060000000000000000000000000000000000000000000000000000000000000000000000075000000000000075000000000000000000000000000000000208202402082024    00000000000000000000000                       769960475600000000000000000000       
75600015         00000800000300000000000061482000000000000000000000000000000000000000000000000000000000000000000000                                                                                                                             
75699999         000001000010000000                                                                                                                                                                                                             
