75600000         232970660000191                    05631000000200980140EDUULMC CURSOS DE IDIOMAS LTDASICOOB                                  20310202409431600091408500000                                                                     
75600011T01  043 2032970660000191          563100002405631000000200980140EDUULMC CURSOS DE IDIOMAS LTDA                                                                                000000000310202400000000                                 
7560001300001T 0605631000000200980140000028125601011     141575168200000005102024000000000024719260000010                         091000030755045807RENATA DOS REIS LIMA                    00000000000000000000003500000000004                 
7560001300002U 060000000000000000000000000000000000000000000000000000000000000000000000247190000000000247190000000000000000000000000000000210202402102024    00000000000000000000000                       785995775600000000000000000000       
7560001300003T 0605631000000200980140000028126301011     143410168200000005102024000000000005000079000010                         091000030755045807RENATA DOS REIS LIMA                    00000000000000000000003500000000004                 
7560001300004U 060000000000000000000000000000000000000000000000000000000000000000000000050000000000000050000000000000000000000000000000000210202402102024    00000000000000000000000                       785949175600000000000000000000       
7560001300005T 0605631000000200980140000028127001011     140881549000000005102024000000000020693001035590                         091000022777304831THAIS DA SILVA BARBOSA                  00000000000000000000003500000000004                 
7560001300006U 060000000000000000000000000000000000000000000000000000000000000000000000206930000000000206930000000000000000000000000000000210202402102024    00000000000000000000000                       785885075600000000000000000000       
7560001300007T 0605631000000200980140000028205001011     138996183300000010102024000000000033920341037670                         091000034222814873ADELE JANDIRA HAIDAR PERUCHE            00000000000000000000003500000000004                 
7560001300008U 060000000000000000000000000000000000000000000000000000000000000000000000339200000000000339200000000000000000000000000000000210202402102024    00000000000000000000000                       785917375600000000000000000000       
7560001300009T 0605631000000200980140000028290701011     141551188300000015102024000000000024062033010360                         091000042672802823NAYARA VIEIRA DA SILVA                  00000000000000000000003500000000004                 
7560001300010U 060000000000000000000000000000000000000000000000000000000000000000000000240620000000000240620000000000000000000000000000000210202402102024    00000000000000000000000                       785784375600000000000000000000       
75600015         00001200000500000000000108394000000000000000000000000000000000000000000000000000000000000000000000                                                                                                                             
75699999         000001000014000000                                                                                                                                                                                                             
