75600000         229492820000120                    05631000000200873060ANEXA IDIOMAS LTDA            SICOOB                                  21806202408424500107608500000                                                                     
75600011T01  043 2029492820000120          563100002405631000000200873060ANEXA IDIOMAS LTDA                                                                                            000000001806202400000000                                 
7560001300001T 0605631000000200873060000026970101011     139674133600000015062024000000000015741237011930                         091000034193427803EDVANIA SILVA PEREIRA                   00000000000000000000003500000000004                 
7560001300002U 060000000000000000000000000000000000000000000000000000000000000000000000157410000000000157410000000000000000000000000000001706202417062024    00000000000000000000000                       758562675600000000000000000000       
7560001300003T 0605631000000200873060000026975801011     141756203100000015062024000000000022200104030040                         091000056970711838MARCELA ROBERTA DE ALMEIDA SILVA        00000000000000000000003500000000004                 
7560001300004U 060000000000000000000000000000000000000000000000000000000000000000000000222000000000000222000000000000000000000000000000001706202417062024    00000000000000000000000                       758165375600000000000000000000       
7560001300005T 0605631000000200873060000026976501011     140757163200000016062024000000000022360341002630                         091000026421529879RENATA CRISTINA SOLHA PEREZ             00000000000000000000003500000000004                 
7560001300006U 060000000000000000000000000000000000000000000000000000000000000000000000223600000000000223600000000000000000000000000000001706202417062024    00000000000000000000000                       758314475600000000000000000000       
7560001300007T 0605631000000200873060000026978001011     137574177300000015062024000000000021094033015720                         091000028030189850ANDREIA CRISTINA SIGNER                 00000000000000000000003500000000004                 
7560001300008U 060000000000000000000000000000000000000000000000000000000000000000000000210940000000000210940000000000000000000000000000001706202417062024    00000000000000000000000                       758151275600000000000000000000       
7560001300009T 0605631000000200873060000027054601011     138277120600000020062024000000000023320341049280                         091000046063703861MATHEUS CHAVES DE LIMA                  00000000000000000000003500000000004                 
7560001300010U 060000000000000000000000000000000000000000000000000000000000000000000000233200000000000233200000000000000000000000000000001706202417062024    00000000000000000000000                       758620075600000000000000000000       
7560001300011T 0605631000000200873060000027106401011     139232127000000030062024000000000017750033036290                         091000073446530363ANTONIO IRAILSON BEZERRA SABOIA         00000000000000000000003500000000004                 
7560001300012U 060000000000000000000000000000000000000000000000000000000000000000000000177500000000000177500000000000000000000000000000001706202417062024    00000000000000000000000                       758606775600000000000000000000       
75600015         00001400000600000000000122465000000000000000000000000000000000000000000000000000000000000000000000                                                                                                                             
75699999         000001000016000000                                                                                                                                                                                                             
