75600000         219895217000135                    05631000000200644540IWS CURSOS DE IDIOMAS LTDA    SICOOB                                  21102202509014300148208500000                                                                     
75600011T01  043 2019895217000135          563100002405631000000200644540IWS CURSOS DE IDIOMAS LTDA                                                                                    000000001102202500000000                                 
7560001300001T 0605631000000200644540000029378901011     144045120100000010022025000000000034607033002360                         091000037917191818JACQUELINE ALVES TAMURA                 00000000000000000000003500000000004                 
7560001300002U 060000000000000000000000000000000000000000000000000000000000000000000000346070000000000346070000000000000000000000000000001002202510022025    00000000000000000000000                       820967175600000000000000000000       
7560001300003T 0605631000000200644540000029379601011     144686198600000010022025000000000028302260000010                         091000013507076861ALEXANDRE LEAO LUCCHESI                 00000000000000000000003500000000004                 
7560001300004U 060000000000000000000000000000000000000000000000000000000000000000000000283020000000000283020000000000000000000000000000001002202510022025    00000000000000000000000                       820107975600000000000000000000       
7560001300005T 0605631000000200644540000029383601011     141423169700000010022025000000000030740341074230                         091000028580799864BRUNO LIGUORI PESCE                     00000000000000000000003500000000004                 
7560001300006U 060000000000000000000000000000000000000000000000000000000000000000000000307400000000000307400000000000000000000000000000001002202510022025    00000000000000000000000                       820822675600000000000000000000       
7560001300007T 0605631000000200644540000029394701011     142775256000000010022025000000000039551001067610                         091000007810479865IDERALDO ELMER RIBEIRO                  00000000000000000000003500000000004                 
7560001300008U 060000000000000000000000000000000000000000000000000000000000000000000000395510000000000395510000000000000000000000000000001002202510022025    00000000000000000000000                       820845975600000000000000000000       
7560001300009T 0605631000000200644540000029395401011     143508208600000010022025000000000018900001030260                         091000034465431805JACIANE IZIDORIO DE OLIVEIRA SOUZA      00000000000000000000003500000000004                 
7560001300010U 060000000000000000000000000000000000000000000000000000000000000000000000189000000000000189000000000000000000000000000000001002202510022025    00000000000000000000000                       820417475600000000000000000000       
7560001300011T 0605631000000200644540000029396101011     142409264000000010022025000000000024719033010360                         091000026634012857JERRISLEI BENTO NOGUEIRA                00000000000000000000003500000000004                 
7560001300012U 060000000000000000000000000000000000000000000000000000000000000000000000247190000000000247190000000000000000000000000000001002202510022025    00000000000000000000000                       820117875600000000000000000000       
7560001300013T 0605631000000200644540000029398601011     143226178400000010022025000000000022472104016720                         091000025385360813BENEDITA BISPO DA HORA                  00000000000000000000003500000000004                 
7560001300014U 060000000000000000000000000000000000000000000000000000000000000000000000224720000000000224720000000000000000000000000000001002202510022025    00000000000000000000000                       820133075600000000000000000000       
7560001300015T 0605631000000200644540000029400701011     140837167100000010022025000000000019775001059670                         091000099343460872WANDERLEY JOSE RAMOS VENANCIO           00000000000000000000003500000000004                 
7560001300016U 060000000000000000000000000000000000000000000000000000000000000000000000197750000000000197750000000000000000000000000000001002202510022025    00000000000000000000000                       820637475600000000000000000000       
7560001300017T 0605631000000200644540000029405301011     144106212400000010022025000000000036700237012310                         091000032139645812TATIANA MATOS SILVA                     00000000000000000000003500000000004                 
7560001300018U 060000000000000000000000000000000000000000000000000000000000000000000000367000000000000367000000000000000000000000000000001002202510022025    00000000000000000000000                       820125075600000000000000000000       
7560001300019T 0605631000000200644540000029406001011     144118212400000010022025000000000036700237012310                         091000032139645812TATIANA MATOS SILVA                     00000000000000000000003500000000004                 
7560001300020U 060000000000000000000000000000000000000000000000000000000000000000000000367000000000000367000000000000000000000000000000001002202510022025    00000000000000000000000                       820054375600000000000000000000       
7560001300021T 0605631000000200644540000029410001011     142631193400000010022025000000000033920341040530                         091000017533829808CLEBER ANTONIO CHINELATO                00000000000000000000003500000000004                 
7560001300022U 060000000000000000000000000000000000000000000000000000000000000000000000339200000000000339200000000000000000000000000000001002202510022025    00000000000000000000000                       820028375600000000000000000000       
7560001300023T 0605631000000200644540000029413201011     139706134100000010022025000000000040810341040530                         091000017533829808CLEBER ANTONIO CHINELATO                00000000000000000000003500000000004                 
7560001300024U 060000000000000000000000000000000000000000000000000000000000000000000000408100000000000408100000000000000000000000000000001002202510022025    00000000000000000000000                       820049075600000000000000000000       
7560001300025T 0605631000000200644540000029414001011     139730134400000010022025000000000036729341040530                         091000017533829808CLEBER ANTONIO CHINELATO                00000000000000000000003500000000004                 
7560001300026U 060000000000000000000000000000000000000000000000000000000000000000000000367290000000000367290000000000000000000000000000001002202510022025    00000000000000000000000                       820192375600000000000000000000       
7560001300027T 0605631000000200644540000029467001011     143035240000000009022025000000000185235341000460                         092062430194000112BRASPAR                                 00000000000000000000003500000000004                 
7560001300028U 060000000000000000000000000000000000000000000000000000000000000000000001852350000000001852350000000000000000000000000000001002202510022025    00000000000000000000000                       820113275600000000000000000000       
7560001300029T 0605631000000200644540000029468701011     143524210000000010022025000000000425855341014800                         092004731867000178INNOVAPACK                              00000000000000000000003500000000004                 
7560001300030U 060000000000000000000000000000000000000000000000000000000000000000000004258550000000004258550000000000000000000000000000001002202510022025    00000000000000000000000                       820528775600000000000000000000       
7560001300031T 0605631000000200644540000029473401011     140150391000000015022025000000000014712341031500                         091000032679656830MAURO AUGUSTO LINO DE ARAUJO            00000000000000000000003500000000004                 
7560001300032U 060000000000000000000000000000000000000000000000000000000000000000000000147120000000000147120000000000000000000000000000001002202510022025    00000000000000000000000                       820440075600000000000000000000       
7560001300033T 0605631000000200644540000029492401011     141846203700000015022025000000000020000341038090                         091000028048739860MARCELO DORNAS PANHOTTA NEVES           00000000000000000000003500000000004                 
7560001300034U 060000000000000000000000000000000000000000000000000000000000000000000000200000000000000200000000000000000000000000000000001002202510022025    00000000000000000000000                       820818275600000000000000000000       
7560001300035T 0605631000000200644540000029498801011     144431124200000015022025000000000043259237001560                         091000017129471840LISANDRA MARQUES ALISEDA SEDRANI        00000000000000000000003500000000004                 
7560001300036U 060000000000000000000000000000000000000000000000000000000000000000000000432590000000000432590000000000000000000000000000001002202510022025    00000000000000000000000                       820455675600000000000000000000       
7560001300037T 0605631000000200644540000029580801011     146705831000000010022025000000000060000341062410                         091000024713565830ROGERIO DE OLIVEIRA MENDES              00000000000000000000003500000000004                 
7560001300038U 060000000000000000000000000000000000000000000000000000000000000000000000600000000000000600000000000000000000000000000000001002202510022025    00000000000000000000000                       820975575600000000000000000000       
75600015         00004000001900000000001152986000000000000000000000000000000000000000000000000000000000000000000000                                                                                                                             
75699999         000001000042000000                                                                                                                                                                                                             
