75600000         219895217000135                    05631000000200644540IWS CURSOS DE IDIOMAS LTDA    SICOOB                                  21002202511223800148108500000                                                                     
75600011T01  043 2019895217000135          563100002405631000000200644540IWS CURSOS DE IDIOMAS LTDA                                                                                    000000001002202500000000                                 
7560001300001T 0905631000000200644540000027466401011     142589153800000010082024000000000025748756056310                         091000001895032113ALECSSANDRA MEZZA DE CARVALHO           00000000000000000000003500000000013                 
7560001300002U 090000000000000000000000000000000000000000000000000000000000000000000000000000000000000000000000000000000000000000000000000702202507022025    00000000000000000000000                       819794875600000000000000000000       
7560001300003T 0905631000000200644540000027468901011     140603400000000010082024000000000031800756056310                         091000039857755836ALINE NUNES DAL SOGLIO GUIDI            00000000000000000000003500000000013                 
7560001300004U 090000000000000000000000000000000000000000000000000000000000000000000000000000000000000000000000000000000000000000000000000702202507022025    00000000000000000000000                       819794975600000000000000000000       
7560001300005T 0905631000000200644540000027475001011     140723953000000010082024000000000023320756056310                         091000021895277833ERIC HENRIQUE VASCONCELLOS SANTOS       00000000000000000000003500000000013                 
7560001300006U 090000000000000000000000000000000000000000000000000000000000000000000000000000000000000000000000000000000000000000000000000702202507022025    00000000000000000000000                       819795075600000000000000000000       
7560001300007T 0905631000000200644540000027480801011     142781153900000010082024000000000025748756056310                         091000001895032113ALECSSANDRA MEZZA DE CARVALHO           00000000000000000000003500000000013                 
7560001300008U 090000000000000000000000000000000000000000000000000000000000000000000000000000000000000000000000000000000000000000000000000702202507022025    00000000000000000000000                       819793975600000000000000000000       
7560001300009T 0905631000000200644540000027492601011     142357206100000010082024000000000026000756056310                         091000029578120885JULIANA MARIA DE OLIVEIRA               00000000000000000000003500000000013                 
7560001300010U 090000000000000000000000000000000000000000000000000000000000000000000000000000000000000000000000000000000000000000000000000702202507022025    00000000000000000000000                       819794075600000000000000000000       
7560001300011T 0905631000000200644540000027493301011     142625193400000010082024000000000033920756056310                         091000031689196831ANDREIA APARECIDA LIMA DA CRUZ          00000000000000000000003500000000013                 
7560001300012U 090000000000000000000000000000000000000000000000000000000000000000000000000000000000000000000000000000000000000000000000000702202507022025    00000000000000000000000                       819794175600000000000000000000       
7560001300013T 0905631000000200644540000027666801011     143600209500000010082024000000000023000756056310                         091000031086591895RODRIGO DIOGO PEREIRA                   00000000000000000000003500000000013                 
7560001300014U 090000000000000000000000000000000000000000000000000000000000000000000000000000000000000000000000000000000000000000000000000702202507022025    00000000000000000000000                       819794275600000000000000000000       
7560001300015T 0605631000000200644540000029390801011     143808211100000010022025000000000028700341050810                         091000062383501301GABRIEL MELO GAGLIONI                   00000000000000000000003500000000004                 
7560001300016U 060000000000000000000000000000000000000000000000000000000000000000000000287000000000000287000000000000000000000000000000000702202507022025    00000000000000000000000                       819898575600000000000000000000       
7560001300017T 0605631000000200644540000029391501011     143721210400000010022025000000000038000033000890                         091000035003158874GABRIELA CARVALHO                       00000000000000000000003500000000004                 
7560001300018U 060000000000000000000000000000000000000000000000000000000000000000000000380000000000000380000000000000000000000000000000000702202507022025    00000000000000000000000                       819872275600000000000000000000       
7560001300019T 0605631000000200644540000029392201011     144203213000000010022025000000000024000001068340                         091000038744936877GABRIELA GOMES TITANERO                 00000000000000000000003500000000004                 
7560001300020U 060000000000000000000000000000000000000000000000000000000000000000000000240000000000000240000000000000000000000000000000000702202507022025    00000000000000000000000                       819446875600000000000000000000       
7560001300021T 0605631000000200644540000029407801011     140294187300000010022025000000000031800033000600                         091000032837190802THAIS CRISTINA DA COSTA GHIDELLI CAMPOS 00000000000000000000003500000000004                 
7560001300022U 060000000000000000000000000000000000000000000000000000000000000000000000318000000000000318000000000000000000000000000000000702202507022025    00000000000000000000000                       819872075600000000000000000000       
7560001300023T 0605631000000200644540000029408501011     140921151400000010022025000000000022247033001070                         091000004913644823VALQUIRIA DE CASSIA NUNES SOARES        00000000000000000000003500000000004                 
7560001300024U 060000000000000000000000000000000000000000000000000000000000000000000000222470000000000222470000000000000000000000000000000702202507022025    00000000000000000000000                       819872475600000000000000000000       
75600015         00002600001200000000000334283000000000000000000000000000000000000000000000000000000000000000000000                                                                                                                             
75699999         000001000028000000                                                                                                                                                                                                             
