75600000         219895217000135                    05631000000200644540IWS CURSOS DE IDIOMAS LTDA    SICOOB                                  20212202409023700143808500000                                                                     
75600011T01  043 2019895217000135          563100002405631000000200644540IWS CURSOS DE IDIOMAS LTDA                                                                                    000000000212202400000000                                 
7560001300001T 0605631000000200644540000028678501011     142616195000000030112024000000000021000033009150                         091000044237668843AMERICO RICARDO COUTINHO DIAS           00000000000000000000003500000000004                 
7560001300002U 060000000000000000000000000000000000000000000000000000000000000000000000210000000000000210000000000000000000000000000000002911202429112024    00000000000000000000000                       801186975600000000000000000000       
7560001300003T 0605631000000200644540000028683201011     142700194900000030112024000000000021000033039610                         091000045242750880CAMILA CARVALHO BARBOSA NEVES DIAS      00000000000000000000003500000000004                 
7560001300004U 060000000000000000000000000000000000000000000000000000000000000000000000210000000000000210000000000000000000000000000000002911202429112024    00000000000000000000000                       801190275600000000000000000000       
7560001300005T 0605631000000200644540000028710701011     143115178600000030112024000000000039326237035680                         091000018874492804DANIELA DE SIQUEIRA AUDRA.              00000000000000000000003500000000004                 
7560001300006U 060000000000000000000000000000000000000000000000000000000000000000000000393260000000000393260000000000000000000000000000002911202429112024    00000000000000000000000                       801185475600000000000000000000       
7560001300007T 0605631000000200644540000028786601011     143320155700000005122024000000000028090341066900                         091000043483096809SABRINA DE OLIVEIRA TAVARES             00000000000000000000003500000000004                 
7560001300008U 060000000000000000000000000000000000000000000000000000000000000000000000280900000000000280900000000000000000000000000000002911202429112024    00000000000000000000000                       801295175600000000000000000000       
75600015         00001000000400000000000109416000000000000000000000000000000000000000000000000000000000000000000000                                                                                                                             
75699999         000001000012000000                                                                                                                                                                                                             
