75600000         219895217000135                    05631000000200644540IWS CURSOS DE IDIOMAS LTDA    SICOOB                                  20409202409213900138508500000                                                                     
75600011T01  043 2019895217000135          563100002405631000000200644540IWS CURSOS DE IDIOMAS LTDA                                                                                    000000000409202400000000                                 
7560001300001T 0605631000000200644540000027695101011     139258950000000025082024000000000024253237009650                         091000009304309808SOLANGE ZUANETTI FERNANDES DA SILVA     00000000000000000000003500000000004                 
7560001300002U 060000000000005570000000000000000000000000000000000000000000000000000000248100000000000248100000000000000000000000000000000309202403092024    00000000000000000000000                       778021575600000000000000000000       
7560001300003T 0605631000000200644540000027750201011     142722733000000005092024000000000032027341065600                         091000002135412899FELICIA DEL GALLO ROCHA                 00000000000000000000003500000000004                 
7560001300004U 060000000000000000000000000000000000000000000000000000000000000000000000320270000000000320270000000000000000000000000000000309202403092024    00000000000000000000000                       778038475600000000000000000000       
7560001300005T 0605631000000200644540000027759801011     141502169600000005092024000000000030740104002720                         091000025313672843FABIOLA GURGEL                          00000000000000000000003500000000004                 
7560001300006U 060000000000000000000000000000000000000000000000000000000000000000000000307400000000000307400000000000000000000000000000000309202403092024    00000000000000000000000                       778012475600000000000000000000       
7560001300007T 0605631000000200644540000027763801011     138768966000000005092024000000000032000033010360                         091000045489539810KETYLIN DOS SANTOS                      00000000000000000000003500000000004                 
7560001300008U 060000000000000000000000000000000000000000000000000000000000000000000000320000000000000320000000000000000000000000000000000309202403092024    00000000000000000000000                       778129975600000000000000000000       
7560001300009T 0605631000000200644540000027765201011     142428595000000005092024000000000028302033010360                         091000098867539000LUCIANA HISAYO ENDO                     00000000000000000000003500000000004                 
7560001300010U 060000000000000000000000000000000000000000000000000000000000000000000000283020000000000283020000000000000000000000000000000309202403092024    00000000000000000000000                       778160575600000000000000000000       
7560001300011T 0605631000000200644540000027828101011     140429198200000010092024000000000022500001068210                         091000032864696886DANILO NOVO OTAVIANO                    00000000000000000000003500000000004                 
7560001300012U 060000000000000000000000000000000000000000000000000000000000000000000000225000000000000225000000000000000000000000000000000309202403092024    00000000000000000000000                       778110975600000000000000000000       
75600015         00001400000600000000000169822000000000000000000000000000000000000000000000000000000000000000000000                                                                                                                             
75699999         000001000016000000                                                                                                                                                                                                             
