75600000         229492820000120                    05631000000200873060ANEXA IDIOMAS LTDA            SICOOB                                  22506202409212100108108500000                                                                     
75600011T01  043 2029492820000120          563100002405631000000200873060ANEXA IDIOMAS LTDA                                                                                            000000002506202400000000                                 
7560001300001T 0605631000000200873060000027049901011     139160127200000025062024000000000023850341063110                         091000028642395826CARLA REGINA DE ARAUJO                  00000000000000000000003500000000004                 
7560001300002U 060000000000000000000000000000000000000000000000000000000000000000000000238500000000000238500000000000000000000000000000002406202424062024    00000000000000000000000                       759871275600000000000000000000       
75600015         00000400000100000000000023850000000000000000000000000000000000000000000000000000000000000000000000                                                                                                                             
75699999         000001000006000000                                                                                                                                                                                                             
