75600000         232970660000191                    05631000000200980140EDUULMC CURSOS DE IDIOMAS LTDASICOOB                                  21612202409011200094308500000                                                                     
75600011T01  043 2032970660000191          563100002405631000000200980140EDUULMC CURSOS DE IDIOMAS LTDA                                                                                000000001612202400000000                                 
7560001300001T 0905631000000200980140000026983001011     141111200800000015062024000000000015000756056310                         091000006158174670JOYCE ROBERTA LOPES DIAS                00000000000000000000003500000000013                 
7560001300002U 090000000000000000000000000000000000000000000000000000000000000000000000000000000000000000000000000000000000000000000000001312202413122024    00000000000000000000000                       805832575600000000000000000000       
7560001300003T 0905631000000200980140000026984701011     138711180900000015062024000000000031800756056310                         091000037432422818GABRIELA APARECIDA DE ANDRADE SILVA     00000000000000000000003500000000013                 
7560001300004U 090000000000000000000000000000000000000000000000000000000000000000000000000000000000000000000000000000000000000000000000001312202413122024    00000000000000000000000                       805832675600000000000000000000       
7560001300005T 0905631000000200980140000026987901011     138105193500000015062024000000000032000756056310                         091000043096173877RAIAN CASSEMIRO                         00000000000000000000003500000000013                 
7560001300006U 090000000000000000000000000000000000000000000000000000000000000000000000000000000000000000000000000000000000000000000000001312202413122024    00000000000000000000000                       805832775600000000000000000000       
7560001300007T 0605631000000200980140000028361501011     143552144900000025102024000000000068890341029610                         091000047364370811BARBARA PINTO PEINADOR GARCIA           00000000000000000000003500000000004                 
7560001300008U 060000000000025050000000000000000000000000000000000000000000000000000000713950000000000713950000000000000000000000000000001312202413122024    00000000000000000000000                       805719475600000000000000000000       
7560001300009T 0605631000000200980140000028727101011     143553144900000025112024000000000068890341029610                         091000047364370811BARBARA PINTO PEINADOR GARCIA           00000000000000000000003500000000004                 
7560001300010U 060000000000017920000000000000000000000000000000000000000000000000000000706820000000000706820000000000000000000000000000001312202413122024    00000000000000000000000                       805701775600000000000000000000       
7560001300011T 0605631000000200980140000029028501011     141180201100000020122024000000000065500237012310                         091000028341411857TATIANA CRISTINA CARNEIRO VITORIANO     00000000000000000000003500000000004                 
7560001300012U 060000000000000000000000000000000000000000000000000000000000000000000000655000000000000655000000000000000000000000000000001312202413122024    00000000000000000000000                       805508875600000000000000000000       
75600015         00001400000600000000000282080000000000000000000000000000000000000000000000000000000000000000000000                                                                                                                             
75699999         000001000016000000                                                                                                                                                                                                             
