75600000         229492820000120                    05631000000200873060ANEXA IDIOMAS LTDA            SICOOB                                  21607202408233300109208500000                                                                     
75600011T01  043 2029492820000120          563100002405631000000200873060ANEXA IDIOMAS LTDA                                                                                            000000001607202400000000                                 
7560001300001T 0905631000000200873060000025292101011     138458832000000016012024000000000072758756056310                         091000017042999851AURORA CRISTINA DOMINGOS                00000000000000000000003500000000013                 
7560001300002U 090000000000000000000000000000000000000000000000000000000000000000000000000000000000000000000000000000000000000000000000001507202415072024    00000000000000000000000                       765968975600000000000000000000       
7560001300003T 0905631000000200873060000025310001011     137509686000000015012024000000000029589756056310                         091000088679497487PATRICIA FRAZAO DE OLIVEIRA             00000000000000000000003500000000013                 
7560001300004U 090000000000000000000000000000000000000000000000000000000000000000000000000000000000000000000000000000000000000000000000001507202415072024    00000000000000000000000                       765912475600000000000000000000       
7560001300005T 0905631000000200873060000025432301011     139573197600000015012024000000000037200756056310                         091000030970779879MARCIO DANIEL SANCHES                   00000000000000000000003500000000013                 
7560001300006U 090000000000000000000000000000000000000000000000000000000000000000000000000000000000000000000000000000000000000000000000001507202415072024    00000000000000000000000                       765912575600000000000000000000       
7560001300007T 0605631000000200873060000027277901011     137335154700000015072024000000000029150033002680                         091000016136232839VALDIRENE CORREIA DE LIMA PEREIRA       00000000000000000000003500000000004                 
7560001300008U 060000000000000000000000000000000000000000000000000000000000000000000000291500000000000291500000000000000000000000000000001507202415072024    00000000000000000000000                       765388675600000000000000000000       
7560001300009T 0605631000000200873060000027278601011     139675133600000015072024000000000015741237011930                         091000034193427803EDVANIA SILVA PEREIRA                   00000000000000000000003500000000004                 
7560001300010U 060000000000000000000000000000000000000000000000000000000000000000000000157410000000000157410000000000000000000000000000001507202415072024    00000000000000000000000                       765760475600000000000000000000       
7560001300011T 0605631000000200873060000027280101011     142929207000000015072024000000000059840260000010                         091000039327875877DJALMA DUCA DE AMORIM JUNIOR            00000000000000000000003500000000004                 
7560001300012U 060000000000000000000000000000000000000000000000000000000000000000000000598400000000000598400000000000000000000000000000001507202415072024    00000000000000000000000                       765774675600000000000000000000       
7560001300013T 0605631000000200873060000027281901011     142941207000000015072024000000000010800260000010                         091000039327875877DJALMA DUCA DE AMORIM JUNIOR            00000000000000000000003500000000004                 
7560001300014U 060000000000000000000000000000000000000000000000000000000000000000000000108000000000000108000000000000000000000000000000001507202415072024    00000000000000000000000                       765780175600000000000000000000       
7560001300015T 0605631000000200873060000027283301011     140734161900000015072024000000000017750104031180                         091000073446530363ANTONIO IRAILSON BEZERRA SABOIA         00000000000000000000003500000000004                 
7560001300016U 060000000000000000000000000000000000000000000000000000000000000000000000177500000000000177500000000000000000000000000000001507202415072024    00000000000000000000000                       765448375600000000000000000000       
7560001300017T 0605631000000200873060000027288001011     137575177300000015072024000000000021094033015720                         091000028030189850ANDREIA CRISTINA SIGNER                 00000000000000000000003500000000004                 
7560001300018U 060000000000000000000000000000000000000000000000000000000000000000000000210940000000000210940000000000000000000000000000001507202415072024    00000000000000000000000                       765388975600000000000000000000       
7560001300019T 0605631000000200873060000027291201011     140155187800000015072024000000000030165341063150                         091000042915794898MAYARA LUCAS DE OLIVEIRA DUCA           00000000000000000000003500000000004                 
7560001300020U 060000000000000000000000000000000000000000000000000000000000000000000000301650000000000301650000000000000000000000000000001507202415072024    00000000000000000000000                       765418575600000000000000000000       
7560001300021T 0605631000000200873060000027338301011     138278120600000020072024000000000023320341049280                         091000046063703861MATHEUS CHAVES DE LIMA                  00000000000000000000003500000000004                 
7560001300022U 060000000000000000000000000000000000000000000000000000000000000000000000233200000000000233200000000000000000000000000000001507202415072024    00000000000000000000000                       765420375600000000000000000000       
75600015         00002400001100000000000347407000000000000000000000000000000000000000000000000000000000000000000000                                                                                                                             
75699999         000001000026000000                                                                                                                                                                                                             
