75600000         219895217000135                    05631000000200644540IWS CURSOS DE IDIOMAS LTDA    SICOOB                                  22608202408420900137808500000                                                                     
75600011T01  043 2019895217000135          563100002405631000000200644540IWS CURSOS DE IDIOMAS LTDA                                                                                    000000002608202400000000                                 
7560001300001T 0605631000000200644540000027700401011     139414125800000025082024000000000040810341003750                         091000044218123829NATHALIA VIRGINIA GOMES                 00000000000000000000003500000000004                 
7560001300002U 060000000000000000000000000000000000000000000000000000000000000000000000408100000000000408100000000000000000000000000000002308202423082024    00000000000000000000000                       775827575600000000000000000000       
7560001300003T 0605631000000200644540000027758001011     139941185000000005092024000000000024380237020030                         091000008563118803SIMONE SOARES ZUANETTI                  00000000000000000000003500000000004                 
7560001300004U 060000000000000000000000000000000000000000000000000000000000000000000000243800000000000243800000000000000000000000000000002308202423082024    00000000000000000000000                       775896475600000000000000000000       
75600015         00000600000200000000000065190000000000000000000000000000000000000000000000000000000000000000000000                                                                                                                             
75699999         000001000008000000                                                                                                                                                                                                             
