75600000         219895217000135                    05631000000200644540IWS CURSOS DE IDIOMAS LTDA    SICOOB                                  20710202410230000140608500000                                                                     
75600011T01  043 2019895217000135          563100002405631000000200644540IWS CURSOS DE IDIOMAS LTDA                                                                                    000000000710202400000000                                 
7560001300001T 0605631000000200644540000028087001011     142723733000000005102024000000000032027341065600                         091000002135412899FELICIA DEL GALLO ROCHA                 00000000000000000000003500000000004                 
7560001300002U 060000000000000000000000000000000000000000000000000000000000000000000000320270000000000320270000000000000000000000000000000410202404102024    00000000000000000000000                       786363575600000000000000000000       
7560001300003T 0605631000000200644540000028108001011     139044840000000005102024000000000023320341062410                         091000015257641879CARLOS ALEXANDRE RIBEIRINHO             00000000000000000000003500000000004                 
7560001300004U 060000000000000000000000000000000000000000000000000000000000000000000000233200000000000233200000000000000000000000000000000410202404102024    00000000000000000000000                       786362975600000000000000000000       
7560001300005T 0605631000000200644540000028109801011     141455694000000005102024000000000038154033017840                         091000036768656856CINTIA DEZASSO QUINI                    00000000000000000000003500000000004                 
7560001300006U 060000000000000000000000000000000000000000000000000000000000000000000000381540000000000381540000000000000000000000000000000410202404102024    00000000000000000000000                       786349775600000000000000000000       
7560001300007T 0605631000000200644540000028111301011     142453153200000005102024000000000037100341062410                         091000015257641879CARLOS ALEXANDRE RIBEIRINHO             00000000000000000000003500000000004                 
7560001300008U 060000000000000000000000000000000000000000000000000000000000000000000000371000000000000371000000000000000000000000000000000410202404102024    00000000000000000000000                       786383275600000000000000000000       
7560001300009T 0605631000000200644540000028148501011     141479169200000010102024000000000024000237012310                         091000011874897867LUIZ ALEXANDRE PROFITTI                 00000000000000000000003500000000004                 
7560001300010U 060000000000000000000000000000000000000000000000000000000000000000000000240000000000000240000000000000000000000000000000000410202404102024    00000000000000000000000                       786343275600000000000000000000       
7560001300011T 0605631000000200644540000028149201011     143804211100000010102024000000000028700260000010                         091000062383501301GABRIEL MELO GAGLIONI                   00000000000000000000003500000000004                 
7560001300012U 060000000000000000000000000000000000000000000000000000000000000000000000287000000000000287000000000000000000000000000000000410202404102024    00000000000000000000000                       786444275600000000000000000000       
7560001300013T 0605631000000200644540000028167501011     141587169000000010102024000000000024000237012310                         091000011874897867LUIZ ALEXANDRE PROFITTI                 00000000000000000000003500000000004                 
7560001300014U 060000000000000000000000000000000000000000000000000000000000000000000000240000000000000240000000000000000000000000000000000410202404102024    00000000000000000000000                       786377375600000000000000000000       
75600015         00001600000700000000000207301000000000000000000000000000000000000000000000000000000000000000000000                                                                                                                             
75699999         000001000018000000                                                                                                                                                                                                             
