75600000         219895217000135                    05631000000200644540IWS CURSOS DE IDIOMAS LTDA    SICOOB                                  20608202408431700136608500000                                                                     
75600011T01  043 2019895217000135          563100002405631000000200644540IWS CURSOS DE IDIOMAS LTDA                                                                                    000000000608202400000000                                 
7560001300001T 0905631000000200644540000025473801011     135888188000000005022024000000000045000756056310                         091000013428220803EDIVANIA CONCEICAO MEDEIROS DA SILVA    00000000000000000000003500000000013                 
7560001300002U 090000000000000000000000000000000000000000000000000000000000000000000000000000000000000000000000000000000000000000000000000508202405082024    00000000000000000000000                       770664975600000000000000000000       
7560001300003T 0905631000000200644540000025477701011     130707953000000005022024000000000022000756056310                         091000021895277833ERIC HENRIQUE VASCONCELLOS SANTOS       00000000000000000000003500000000013                 
7560001300004U 090000000000000000000000000000000000000000000000000000000000000000000000000000000000000000000000000000000000000000000000000508202405082024    00000000000000000000000                       770665175600000000000000000000       
7560001300005T 0905631000000200644540000025483101011     137944143500000005022024000000000056710756056310                         091000009664163848LILIAN DE FATIMA SILVA                  00000000000000000000003500000000013                 
7560001300006U 090000000000000000000000000000000000000000000000000000000000000000000000000000000000000000000000000000000000000000000000000508202405082024    00000000000000000000000                       770665375600000000000000000000       
7560001300007T 0905631000000200644540000025485601011     137980119800000005022024000000000021200756056310                         091000029939095848DIEGO GOMES                             00000000000000000000003500000000013                 
7560001300008U 090000000000000000000000000000000000000000000000000000000000000000000000000000000000000000000000000000000000000000000000000508202405082024    00000000000000000000000                       770665575600000000000000000000       
7560001300009T 0905631000000200644540000025493501011     137533141300000005022024000000000029138756056310                         091000010760816654LAURA CRISTINA LIMA DINIZ               00000000000000000000003500000000013                 
7560001300010U 090000000000000000000000000000000000000000000000000000000000000000000000000000000000000000000000000000000000000000000000000508202405082024    00000000000000000000000                       770665775600000000000000000000       
7560001300011T 0605631000000200644540000027428401011     140490198800000005082024000000000078800033008210                         091000039743835814HUDSON CARDOSO DE OLIVEIRA              00000000000000000000003500000000004                 
7560001300012U 060000000000000000000000000000000000000000000000000000000000000000000000788000000000000788000000000000000000000000000000000508202405082024    00000000000000000000000                       770139875600000000000000000000       
7560001300013T 0605631000000200644540000027432401011     139820183100000005082024000000000028302033010360                         091000034078049893ELLEN DOS SANTOS FRANCO                 00000000000000000000003500000000004                 
7560001300014U 060000000000000000000000000000000000000000000000000000000000000000000000283020000000000283020000000000000000000000000000000508202405082024    00000000000000000000000                       770138975600000000000000000000       
7560001300015T 0605631000000200644540000027434901011     139892181000000005082024000000000021200633000010                         091000029619296877DEBORA DO CARMO ALVES DA SILVA          00000000000000000000003500000000004                 
7560001300016U 060000000000000000000000000000000000000000000000000000000000000000000000212000000000000212000000000000000000000000000000000508202405082024    00000000000000000000000                       770679275600000000000000000000       
7560001300017T 0605631000000200644540000027435601011     139940185000000005082024000000000024380341038090                         091000008563118803SIMONE SOARES ZUANETTI                  00000000000000000000003500000000004                 
7560001300018U 060000000000000000000000000000000000000000000000000000000000000000000000243800000000000243800000000000000000000000000000000508202405082024    00000000000000000000000                       770331775600000000000000000000       
7560001300019T 0605631000000200644540000027438801011     139964185200000005082024000000000021094341038090                         091000008563118803SIMONE SOARES ZUANETTI                  00000000000000000000003500000000004                 
7560001300020U 060000000000000000000000000000000000000000000000000000000000000000000000210940000000000210940000000000000000000000000000000508202405082024    00000000000000000000000                       770322275600000000000000000000       
7560001300021T 0605631000000200644540000027440301011     138767966000000005082024000000000032000033010360                         091000045489539810KETYLIN DOS SANTOS                      00000000000000000000003500000000004                 
7560001300022U 060000000000000000000000000000000000000000000000000000000000000000000000320000000000000320000000000000000000000000000000000508202405082024    00000000000000000000000                       770558675600000000000000000000       
7560001300023T 0605631000000200644540000027441001011     137950143500000005082024000000000056710237012310                         091000009664163848LILIAN DE FATIMA SILVA                  00000000000000000000003500000000004                 
7560001300024U 060000000000000000000000000000000000000000000000000000000000000000000000567100000000000567100000000000000000000000000000000508202405082024    00000000000000000000000                       770550075600000000000000000000       
7560001300025T 0605631000000200644540000027445001011     140240181900000005082024000000000024804237005930                         091000028597539828ROSANGELA DE LOURDES MENDES             00000000000000000000003500000000004                 
7560001300026U 060000000000000000000000000000000000000000000000000000000000000000000000248040000000000248040000000000000000000000000000000508202405082024    00000000000000000000000                       770408275600000000000000000000       
7560001300027T 0605631000000200644540000027448101011     139042840000000005082024000000000023320341062410                         091000015257641879CARLOS ALEXANDRE RIBEIRINHO             00000000000000000000003500000000004                 
7560001300028U 060000000000000000000000000000000000000000000000000000000000000000000000233200000000000233200000000000000000000000000000000508202405082024    00000000000000000000000                       770122575600000000000000000000       
7560001300029T 0605631000000200644540000027449901011     141453694000000005082024000000000038154033017840                         091000036768656856CINTIA DEZASSO QUINI                    00000000000000000000003500000000004                 
7560001300030U 060000000000000000000000000000000000000000000000000000000000000000000000381540000000000381540000000000000000000000000000000508202405082024    00000000000000000000000                       770138575600000000000000000000       
7560001300031T 0605631000000200644540000027450701011     142451153200000005082024000000000037100341062410                         091000015257641879CARLOS ALEXANDRE RIBEIRINHO             00000000000000000000003500000000004                 
7560001300032U 060000000000000000000000000000000000000000000000000000000000000000000000371000000000000371000000000000000000000000000000000508202405082024    00000000000000000000000                       770356775600000000000000000000       
7560001300033T 0605631000000200644540000027470401011     139712183000000010082024000000000028302237012310                         091000032988336814CARLOS HENRIQUE DE OLIVEIRA             00000000000000000000003500000000004                 
7560001300034U 060000000000000000000000000000000000000000000000000000000000000000000000283020000000000283020000000000000000000000000000000508202405082024    00000000000000000000000                       770146175600000000000000000000       
7560001300035T 0605631000000200644540000027473601011     142918206800000010082024000000000035200341090330                         091000022022841840DENISE VALENTE EVA                      00000000000000000000003500000000004                 
7560001300036U 060000000000000000000000000000000000000000000000000000000000000000000000352000000000000352000000000000000000000000000000000508202405082024    00000000000000000000000                       770585475600000000000000000000       
75600015         00003800001800000000000623414000000000000000000000000000000000000000000000000000000000000000000000                                                                                                                             
75699999         000001000040000000                                                                                                                                                                                                             
