75600000         232970660000191                    05631000000200980140EDUULMC CURSOS DE IDIOMAS LTDASICOOB                                  21308202409025800088708500000                                                                     
75600011T01  043 2032970660000191          563100002405631000000200980140EDUULMC CURSOS DE IDIOMAS LTDA                                                                                000000001308202400000000                                 
7560001300001T 0605631000000200980140000027532601011     142004152300000010082024000000000043259341040530                         091000017533829808CLEBER ANTONIO CHINELATO                00000000000000000000003500000000004                 
7560001300002U 060000000000000000000000000000000000000000000000000000000000000000000000432590000000000432590000000000000000000000000000001208202412082024    00000000000000000000000                       772354775600000000000000000000       
7560001300003T 0605631000000200980140000027533301011     141795203500000010082024000000000021000033009000                         091000014217408854RUTH PEREIRA FILHA SGROIA               00000000000000000000003500000000004                 
7560001300004U 060000000000000000000000000000000000000000000000000000000000000000000000210000000000000210000000000000000000000000000000001208202412082024    00000000000000000000000                       772637875600000000000000000000       
7560001300005T 0605631000000200980140000027534001011     137754148300000010082024000000000015000237004210                         091000038686017835ISABELA GONCALVES CARDOSO DE SA         00000000000000000000003500000000004                 
7560001300006U 060000000000000000000000000000000000000000000000000000000000000000000000150000000000000150000000000000000000000000000000001208202412082024    00000000000000000000000                       772592675600000000000000000000       
7560001300007T 0605631000000200980140000027536501011     139342160400000010082024000000000030304341091060                         091000043285071842LETICIA DA SILVA SOBREIRA               00000000000000000000003500000000004                 
7560001300008U 060000000000000000000000000000000000000000000000000000000000000000000000303040000000000303040000000000000000000000000000001208202412082024    00000000000000000000000                       772907675600000000000000000000       
7560001300009T 0605631000000200980140000027540501011     141659202400000010082024000000000032000260000010                         091000008992109610SUELY GONCALVES DA SILVA                00000000000000000000003500000000004                 
7560001300010U 060000000000000000000000000000000000000000000000000000000000000000000000320000000000000320000000000000000000000000000000001208202412082024    00000000000000000000000                       772347975600000000000000000000       
75600015         00001200000500000000000141563000000000000000000000000000000000000000000000000000000000000000000000                                                                                                                             
75699999         000001000014000000                                                                                                                                                                                                             
