75600000         232970660000191                    05631000000200980140EDUULMC CURSOS DE IDIOMAS LTDASICOOB                                  20811202410024000092608500000                                                                     
75600011T01  043 2032970660000191          563100002405631000000200980140EDUULMC CURSOS DE IDIOMAS LTDA                                                                                000000000811202400000000                                 
7560001300001T 0905631000000200980140000026621801011     141671202600000010052024000000000035200756056310                         091000026814121883 LAIS CRISTINA COIMBRA BENTES           00000000000000000000003500000000013                 
7560001300002U 090000000000000000000000000000000000000000000000000000000000000000000000000000000000000000000000000000000000000000000000000711202407112024    00000000000000000000000                       795339375600000000000000000000       
7560001300003T 0905631000000200980140000026626401011     140660166300000010052024000000000035955756056310                         091000029424248857ELIEZER QUEIROZ JUNIOR                  00000000000000000000003500000000013                 
7560001300004U 090000000000000000000000000000000000000000000000000000000000000000000000000000000000000000000000000000000000000000000000000711202407112024    00000000000000000000000                       795339475600000000000000000000       
7560001300005T 0905631000000200980140000026638201011     141510124800000010052024000000000026500756056310                         091000013446867619JHENIFFER TEIXEIRA PINTO                00000000000000000000003500000000013                 
7560001300006U 090000000000000000000000000000000000000000000000000000000000000000000000000000000000000000000000000000000000000000000000000711202407112024    00000000000000000000000                       795339575600000000000000000000       
7560001300007T 0905631000000200980140000026641501011     138450195700000010052024000000000019900756056310                         091000036406378873ALINE JENIFER BIM MONCAO                00000000000000000000003500000000013                 
7560001300008U 090000000000000000000000000000000000000000000000000000000000000000000000000000000000000000000000000000000000000000000000000711202407112024    00000000000000000000000                       795339675600000000000000000000       
7560001300009T 0905631000000200980140000026652601011     141770203400000010052024000000000099000756056310                         091000033333543818RODRIGO IGNACIO                         00000000000000000000003500000000013                 
7560001300010U 090000000000000000000000000000000000000000000000000000000000000000000000000000000000000000000000000000000000000000000000000711202407112024    00000000000000000000000                       795339775600000000000000000000       
7560001300011T 0605631000000200980140000028533201011     140618149500000010112024000000000018168756050040                         091000042109093862CELINA PEREIRA SANTIAGO                 00000000000000000000003500000000006                 
7560001300012U 060000000000000000000000000000000000000000000000000000000000000000000000181680000000000181680000000000000000000000000000000711202407112024    00000000000000000000000                       795170975600000000000000000000       
7560001300013T 0605631000000200980140000028543601011     142127725000000010112024000000000018539033035440                         091000003567487825NABOR ALVES MONTEIRO                    00000000000000000000003500000000004                 
7560001300014U 060000000000000000000000000000000000000000000000000000000000000000000000185390000000000185390000000000000000000000000000000711202407112024    00000000000000000000000                       794994875600000000000000000000       
7560001300015T 0605631000000200980140000028615101011     139357331000000015112024000000000081620237001560                         091000017129471840LISANDRA MARQUES ALISEDA SEDRANI        00000000000000000000003500000000004                 
7560001300016U 060000000000000000000000000000000000000000000000000000000000000000000000816200000000000816200000000000000000000000000000000711202407112024    00000000000000000000000                       794985875600000000000000000000       
75600015         00001800000800000000000334882000000000000000000000000000000000000000000000000000000000000000000000                                                                                                                             
75699999         000001000020000000                                                                                                                                                                                                             
