75600000         219895217000135                    05631000000200644540IWS CURSOS DE IDIOMAS LTDA    SICOOB                                  22008202408421600137508500000                                                                     
75600011T01  043 2019895217000135          563100002405631000000200644540IWS CURSOS DE IDIOMAS LTDA                                                                                    000000002008202400000000                                 
7560001300001T 0905631000000200644540000025675601011     138124193600000020022024000000000026700756056310                         091000044280104867ANDREYNA DA SILVA LIMA NASCIMENTO       00000000000000000000003500000000013                 
7560001300002U 090000000000000000000000000000000000000000000000000000000000000000000000000000000000000000000000000000000000000000000000001908202419082024    00000000000000000000000                       774981675600000000000000000000       
7560001300003T 0905631000000200644540000025676301011     134958183700000020022024000000000018000756056310                         091000016695147817RENATO BEZERRA SANTANA                  00000000000000000000003500000000013                 
7560001300004U 090000000000000000000000000000000000000000000000000000000000000000000000000000000000000000000000000000000000000000000000001908202419082024    00000000000000000000000                       774981775600000000000000000000       
7560001300005T 0905631000000200644540000025685001011     140971184300000020022024000000000007500756056310                         091000021895277833ERIC HENRIQUE VASCONCELLOS SANTOS       00000000000000000000003500000000013                 
7560001300006U 090000000000000000000000000000000000000000000000000000000000000000000000000000000000000000000000000000000000000000000000001908202419082024    00000000000000000000000                       774981875600000000000000000000       
7560001300007T 0905631000000200644540000025686701011     135457184300000020022024000000000018000756056310                         091000021895277833ERIC HENRIQUE VASCONCELLOS SANTOS       00000000000000000000003500000000013                 
7560001300008U 090000000000000000000000000000000000000000000000000000000000000000000000000000000000000000000000000000000000000000000000001908202419082024    00000000000000000000000                       774981975600000000000000000000       
7560001300009T 0905631000000200644540000025690701011     135493184700000020022024000000000019400756056310                         091000021895277833ERIC HENRIQUE VASCONCELLOS SANTOS       00000000000000000000003500000000013                 
7560001300010U 090000000000000000000000000000000000000000000000000000000000000000000000000000000000000000000000000000000000000000000000001908202419082024    00000000000000000000000                       774982075600000000000000000000       
7560001300011T 0905631000000200644540000025691401011     140973184700000020022024000000000007500756056310                         091000021895277833ERIC HENRIQUE VASCONCELLOS SANTOS       00000000000000000000003500000000013                 
7560001300012U 090000000000000000000000000000000000000000000000000000000000000000000000000000000000000000000000000000000000000000000000001908202419082024    00000000000000000000000                       774982175600000000000000000000       
7560001300013T 0905631000000200644540000025692101011     140975184700000020022024000000000007500756056310                         091000021895277833ERIC HENRIQUE VASCONCELLOS SANTOS       00000000000000000000003500000000013                 
7560001300014U 090000000000000000000000000000000000000000000000000000000000000000000000000000000000000000000000000000000000000000000000001908202419082024    00000000000000000000000                       774982275600000000000000000000       
7560001300015T 0905631000000200644540000025702001011     134395147600000020022024000000000044348756056310                         091000043062398884KARINE ARAUJO DOS ANJOS                 00000000000000000000003500000000013                 
7560001300016U 090000000000000000000000000000000000000000000000000000000000000000000000000000000000000000000000000000000000000000000000001908202419082024    00000000000000000000000                       774982375600000000000000000000       
7560001300017T 0905631000000200644540000025704501011     139324322000000020022024000000000029150756056310                         091000037621716886LAYS MELO DE OLIVEIRA                   00000000000000000000003500000000013                 
7560001300018U 090000000000000000000000000000000000000000000000000000000000000000000000000000000000000000000000000000000000000000000000001908202419082024    00000000000000000000000                       774982475600000000000000000000       
7560001300019T 0905631000000200644540000025709101011     140979376000000020022024000000000050000756056310                         091000031073432858MARIA ISABEL OLIVEIRA HAYASHI           00000000000000000000003500000000013                 
7560001300020U 090000000000000000000000000000000000000000000000000000000000000000000000000000000000000000000000000000000000000000000000001908202419082024    00000000000000000000000                       774982575600000000000000000000       
7560001300021T 0905631000000200644540000025716301011     138543572000000020022024000000000037100756056310                         091000026425715804WALQUIRIA BATISTA DA SILVA              00000000000000000000003500000000013                 
7560001300022U 090000000000000000000000000000000000000000000000000000000000000000000000000000000000000000000000000000000000000000000000001908202419082024    00000000000000000000000                       774982675600000000000000000000       
7560001300023T 0905631000000200644540000025720301011     138820132000000020022024000000000040810756056310                         091000014040948068HELOISA HELENA MONTEIRO KROMBERG        00000000000000000000003500000000013                 
7560001300024U 090000000000000000000000000000000000000000000000000000000000000000000000000000000000000000000000000000000000000000000000001908202419082024    00000000000000000000000                       774982775600000000000000000000       
7560001300025T 0905631000000200644540000025723501011     136906114300000020022024000000000070000756056310                         091000053372620763LILIAN VALERIO MARTELLETO               00000000000000000000003500000000013                 
7560001300026U 090000000000000000000000000000000000000000000000000000000000000000000000000000000000000000000000000000000000000000000000001908202419082024    00000000000000000000000                       774982875600000000000000000000       
7560001300027T 0605631000000200644540000027609801011     138619300000000025082024000000000030000341089100                         092008952410000144HOLLYTEC                                00000000000000000000003500000000004                 
7560001300028U 060000000000000000000000000000000000000000000000000000000000000000000000300000000000000300000000000000000000000000000000001908202419082024    00000000000000000000000                       774579575600000000000000000000       
7560001300029T 0605631000000200644540000027628801011     139844189400000020082024000000000025440033010360                         091000032198572800EVANDRO CARDOSO SOUZA                   00000000000000000000003500000000004                 
7560001300030U 060000000000000000000000000000000000000000000000000000000000000000000000254400000000000254400000000000000000000000000000001908202419082024    00000000000000000000000                       774822975600000000000000000000       
7560001300031T 0605631000000200644540000027629501011     139856189400000020082024000000000025440033010360                         091000032198572800EVANDRO CARDOSO SOUZA                   00000000000000000000003500000000004                 
7560001300032U 060000000000000000000000000000000000000000000000000000000000000000000000254400000000000254400000000000000000000000000000001908202419082024    00000000000000000000000                       774925775600000000000000000000       
75600015         00003400001600000000000456888000000000000000000000000000000000000000000000000000000000000000000000                                                                                                                             
75699999         000001000036000000                                                                                                                                                                                                             
