75600000         219895217000135                    05631000000200644540IWS CURSOS DE IDIOMAS LTDA    SICOOB                                  20907202416500200135208500000                                                                     
75600011T01  043 2019895217000135          563100002405631000000200644540IWS CURSOS DE IDIOMAS LTDA                                                                                    000000000907202400000000                                 
7560001300001T 0605631000000200644540000027120001011     141611202100000005072024000000000030000033010360                         091000029247398886ANGELA MARIA DIAS DOS REIS              00000000000000000000003500000000004                 
7560001300002U 060000000000006300000000000000000000000000000000000000000000000000000000306300000000000306300000000000000000000000000000000807202408072024    00000000000000000000000                       763276675600000000000000000000       
7560001300003T 0605631000000200644540000027162001011     139711183000000010072024000000000028302237012310                         091000032988336814CARLOS HENRIQUE DE OLIVEIRA             00000000000000000000003500000000004                 
7560001300004U 060000000000000000000000000000000000000000000000000000000000000000000000283020000000000283020000000000000000000000000000000807202408072024    00000000000000000000000                       763188275600000000000000000000       
7560001300005T 0605631000000200644540000027173001011     137961178400000010072024000000000021200104016720                         091000025385360813BENEDITA BISPO DA HORA                  00000000000000000000003500000000004                 
7560001300006U 060000000000000000000000000000000000000000000000000000000000000000000000212000000000000212000000000000000000000000000000000807202408072024    00000000000000000000000                       763305675600000000000000000000       
7560001300007T 0605631000000200644540000027177001011     140251182700000010072024000000000028302237005930                         091000039053153861SAMMYA M. DA S. SOUSA                   00000000000000000000003500000000004                 
7560001300008U 060000000000000000000000000000000000000000000000000000000000000000000000283020000000000283020000000000000000000000000000000807202408072024    00000000000000000000000                       763298075600000000000000000000       
7560001300009T 0605631000000200644540000027181001011     140914151400000010072024000000000022247033001070                         091000004913644823VALQUIRIA DE CASSIA NUNES SOARES        00000000000000000000003500000000004                 
7560001300010U 060000000000000000000000000000000000000000000000000000000000000000000000222470000000000222470000000000000000000000000000000807202408072024    00000000000000000000000                       763184375600000000000000000000       
7560001300011T 0605631000000200644540000027245601011     140143391000000015072024000000000014712341031500                         091000032679656830MAURO AUGUSTO LINO DE ARAUJO            00000000000000000000003500000000004                 
7560001300012U 060000000000000000000000000000000000000000000000000000000000000000000000147120000000000147120000000000000000000000000000000807202408072024    00000000000000000000000                       763281375600000000000000000000       
7560001300013T 0605631000000200644540000027260701011     142051152800000015072024000000000024000237039250                         091000031112058869MARCIA ROSA DE ARRUDA                   00000000000000000000003500000000004                 
7560001300014U 060000000000000000000000000000000000000000000000000000000000000000000000240000000000000240000000000000000000000000000000000807202408072024    00000000000000000000000                       763515575600000000000000000000       
7560001300015T 0605631000000200644540000027308501011     136911114300000020072024000000000070000341090730                         091000053372620763LILIAN VALERIO MARTELLETO               00000000000000000000003500000000004                 
7560001300016U 060000000000000000000000000000000000000000000000000000000000000000000000700000000000000700000000000000000000000000000000000807202408072024    00000000000000000000000                       763260475600000000000000000000       
7560001300017T 0605631000000200644540000027366201011     139903127700000025072024000000000036729001058030                         091000054691277889GABRIEL NOGUEIRA MARTINS ALVARENGA      00000000000000000000003500000000004                 
7560001300018U 060000000000000000000000000000000000000000000000000000000000000000000000367290000000000367290000000000000000000000000000000807202408072024    00000000000000000000000                       763201575600000000000000000000       
75600015         00002000000900000000000275492000000000000000000000000000000000000000000000000000000000000000000000                                                                                                                             
75699999         000001000022000000                                                                                                                                                                                                             
