75600000         219895217000135                    05631000000200644540IWS CURSOS DE IDIOMAS LTDA    SICOOB                                  22409202408411100139708500000                                                                     
75600011T01  043 2019895217000135          563100002405631000000200644540IWS CURSOS DE IDIOMAS LTDA                                                                                    000000002409202400000000                                 
7560001300001T 0905631000000200644540000026063601011     139073188400000025032024000000000043460756056310                         091000033081822890DANIEL RIBEIRO NOGUEIRA PORTO           00000000000000000000003500000000013                 
7560001300002U 090000000000000000000000000000000000000000000000000000000000000000000000000000000000000000000000000000000000000000000000002309202423092024    00000000000000000000000                       783969375600000000000000000000       
7560001300003T 0905631000000200644540000026084001011     138845123800000025032024000000000029150756056310                         091000028186309837JOSI GALVAO                             00000000000000000000003500000000013                 
7560001300004U 090000000000000000000000000000000000000000000000000000000000000000000000000000000000000000000000000000000000000000000000002309202423092024    00000000000000000000000                       783969575600000000000000000000       
7560001300005T 0905631000000200644540000026085801011     138919123800000025032024000000000028875756056310                         091000028186309837JOSI GALVAO                             00000000000000000000003500000000013                 
7560001300006U 090000000000000000000000000000000000000000000000000000000000000000000000000000000000000000000000000000000000000000000000002309202423092024    00000000000000000000000                       783969775600000000000000000000       
7560001300007T 0905631000000200644540000026094401011     140295136900000025032024000000000046640756056310                         091000041134587821TIAGO ARAUJO CARVALHO                   00000000000000000000003500000000013                 
7560001300008U 090000000000000000000000000000000000000000000000000000000000000000000000000000000000000000000000000000000000000000000000002309202423092024    00000000000000000000000                       783969975600000000000000000000       
7560001300009T 0605631000000200644540000027961701011     143905300000000025092024000000000031800341089100                         092008952410000144HOLLYTEC                                00000000000000000000003500000000004                 
7560001300010U 060000000000000000000000000000000000000000000000000000000000000000000000318000000000000318000000000000000000000000000000002309202423092024    00000000000000000000000                       783704675600000000000000000000       
7560001300011T 0605631000000200644540000027979901011     140013147600000020092024000000000031500033010360                         091000043062398884KARINE ARAUJO DOS ANJOS                 00000000000000000000003500000000004                 
7560001300012U 060000000000006600000000000000000000000000000000000000000000000000000000321600000000000321600000000000000000000000000000002309202423092024    00000000000000000000000                       783680775600000000000000000000       
7560001300013T 0605631000000200644540000028024701011     139561197400000025092024000000000018000104002500                         091000028682214830MARCIA SILVA BONFIM DE SOUZA            00000000000000000000003500000000004                 
7560001300014U 060000000000000000000000000000000000000000000000000000000000000000000000180000000000000180000000000000000000000000000000002309202423092024    00000000000000000000000                       783663975600000000000000000000       
7560001300015T 0605631000000200644540000028030101011     141877942000000025092024000000000065000341040990                         091000015450028865ELISABETE JOIA MINELLI CAMPOS           00000000000000000000003500000000004                 
7560001300016U 060000000000000000000000000000000000000000000000000000000000000000000000650000000000000650000000000000000000000000000000002309202423092024    00000000000000000000000                       783696875600000000000000000000       
7560001300017T 0605631000000200644540000028033301011     139175181300000025092024000000000018985104002500                         091000028682214830MARCIA SILVA BONFIM DE SOUZA            00000000000000000000003500000000004                 
7560001300018U 060000000000000000000000000000000000000000000000000000000000000000000000189850000000000189850000000000000000000000000000002309202423092024    00000000000000000000000                       783712875600000000000000000000       
75600015         00002000000900000000000313410000000000000000000000000000000000000000000000000000000000000000000000                                                                                                                             
75699999         000001000022000000                                                                                                                                                                                                             
