75600000         232970660000191                    05631000000200980140EDUULMC CURSOS DE IDIOMAS LTDASICOOB                                  21301202511012500095608500000                                                                     
75600011T01  043 2032970660000191          563100002405631000000200980140EDUULMC CURSOS DE IDIOMAS LTDA                                                                                000000001301202500000000                                 
7560001300001T 0605631000000200980140000029184001011     138999183300000010012025000000000033920341037670                         091000034222814873ADELE JANDIRA HAIDAR PERUCHE            00000000000000000000003500000000004                 
7560001300002U 060000000000000000000000000000000000000000000000000000000000000000000000339200000000000339200000000000000000000000000000001001202510012025    00000000000000000000000                       812675975600000000000000000000       
7560001300003T 0605631000000200980140000029189601011     142009152300000010012025000000000043259341040530                         091000017533829808CLEBER ANTONIO CHINELATO                00000000000000000000003500000000004                 
7560001300004U 060000000000000000000000000000000000000000000000000000000000000000000000432590000000000432590000000000000000000000000000001001202510012025    00000000000000000000000                       812483375600000000000000000000       
7560001300005T 0605631000000200980140000029194301011     143129148300000010012025000000000015900237004210                         091000038686017835ISABELA GONCALVES CARDOSO DE SA         00000000000000000000003500000000004                 
7560001300006U 060000000000000000000000000000000000000000000000000000000000000000000000159000000000000159000000000000000000000000000000001001202510012025    00000000000000000000000                       812373475600000000000000000000       
7560001300007T 0605631000000200980140000029196801011     143535209400000010012025000000000025472260000010                         091000054077099889JULIA ALMEIDA REIS                      00000000000000000000003500000000004                 
7560001300008U 060000000000000000000000000000000000000000000000000000000000000000000000254720000000000254720000000000000000000000000000001001202510012025    00000000000000000000000                       812418875600000000000000000000       
7560001300009T 0605631000000200980140000029203501011     140848423000000010012025000000000028427341013040                         091000011279917792PETRIC RIOS BASTOS                      00000000000000000000003500000000004                 
7560001300010U 060000000000000000000000000000000000000000000000000000000000000000000000284270000000000284270000000000000000000000000000001001202510012025    00000000000000000000000                       812675875600000000000000000000       
7560001300011T 0605631000000200980140000029208101011     143896211700000010012025000000000034848341037470                         091000024947309881FABIO ALVES BONNO                       00000000000000000000003500000000004                 
7560001300012U 060000000000000000000000000000000000000000000000000000000000000000000000348480000000000348480000000000000000000000000000001001202510012025    00000000000000000000000                       812314875600000000000000000000       
75600015         00001400000600000000000181826000000000000000000000000000000000000000000000000000000000000000000000                                                                                                                             
75699999         000001000016000000                                                                                                                                                                                                             
