75600000         219895217000135                    05631000000200644540IWS CURSOS DE IDIOMAS LTDA    SICOOB                                  22901202511414600147308500000                                                                     
75600011T01  043 2019895217000135          563100002405631000000200644540IWS CURSOS DE IDIOMAS LTDA                                                                                    000000002901202500000000                                 
7560001300001T 0905631000000200644540000027396301011     138837183800000031072024000000000035000756056310                         091000042637520582JOSE LUCIANO TRANZILLO DOS SANTOS       00000000000000000000003500000000013                 
7560001300002U 090000000000000000000000000000000000000000000000000000000000000000000000000000000000000000000000000000000000000000000000002801202528012025    00000000000000000000000                       817154575600000000000000000000       
7560001300003T 0905631000000200644540000027426001011     143420192600000031072024000000000031235756056310                         091000026592685840DANIELLY VAZ CORONADO                   00000000000000000000003500000000013                 
7560001300004U 090000000000000000000000000000000000000000000000000000000000000000000000000000000000000000000000000000000000000000000000002801202528012025    00000000000000000000000                       817154775600000000000000000000       
7560001300005T 0605631000000200644540000029309001011     139503128200000030012025000000000040810260000010                         091000041725138832ULISSES TIAGO DO NASCIMENTO FIGUEIREDO G00000000000000000000003500000000004                 
7560001300006U 060000000000000000000000000000000000000000000000000000000000000000000000408100000000000408100000000000000000000000000000002801202528012025    00000000000000000000000                       817129775600000000000000000000       
75600015         00000800000300000000000107045000000000000000000000000000000000000000000000000000000000000000000000                                                                                                                             
75699999         000001000010000000                                                                                                                                                                                                             
