75600000         219895217000135                    05631000000200644540IWS CURSOS DE IDIOMAS LTDA    SICOOB                                  21906202408224100134008500000                                                                     
75600011T01  043 2019895217000135          563100002405631000000200644540IWS CURSOS DE IDIOMAS LTDA                                                                                    000000001906202400000000                                 
7560001300001T 0905631000000200644540000025082701011     134249153000000020122023000000000004626756056310                         091000032300678861DIOGO NEVES MARINHO                     00000000000000000000003500000000013                 
7560001300002U 090000000000000000000000000000000000000000000000000000000000000000000000000000000000000000000000000000000000000000000000001806202418062024    00000000000000000000000                       758901475600000000000000000000       
7560001300003T 0905631000000200644540000025086601011     137882116300000020122023000000000034980756056310                         091000047950320842ANA CLARA DE SOUZA RODRIGUES            00000000000000000000003500000000013                 
7560001300004U 090000000000000000000000000000000000000000000000000000000000000000000000000000000000000000000000000000000000000000000000001806202418062024    00000000000000000000000                       758901575600000000000000000000       
7560001300005T 0905631000000200644540000025087301011     134956183700000020122023000000000018000756056310                         091000016695147817RENATO BEZERRA SANTANA                  00000000000000000000003500000000013                 
7560001300006U 090000000000000000000000000000000000000000000000000000000000000000000000000000000000000000000000000000000000000000000000001806202418062024    00000000000000000000000                       758901675600000000000000000000       
7560001300007T 0905631000000200644540000025096001011     135455184300000020122023000000000018000756056310                         091000021895277833ERIC HENRIQUE VASCONCELLOS SANTOS       00000000000000000000003500000000013                 
7560001300008U 090000000000000000000000000000000000000000000000000000000000000000000000000000000000000000000000000000000000000000000000001806202418062024    00000000000000000000000                       758901775600000000000000000000       
7560001300009T 0905631000000200644540000025099101011     137412155800000020122023000000000029150756056310                         091000029368330867FABIO JURCZYSZYN                        00000000000000000000003500000000013                 
7560001300010U 090000000000000000000000000000000000000000000000000000000000000000000000000000000000000000000000000000000000000000000000001806202418062024    00000000000000000000000                       758901875600000000000000000000       
7560001300011T 0905631000000200644540000025100501011     135491184700000020122023000000000019400756056310                         091000021895277833ERIC HENRIQUE VASCONCELLOS SANTOS       00000000000000000000003500000000013                 
7560001300012U 090000000000000000000000000000000000000000000000000000000000000000000000000000000000000000000000000000000000000000000000001806202418062024    00000000000000000000000                       758901975600000000000000000000       
7560001300013T 0905631000000200644540000025109001011     134393147600000020122023000000000024200756056310                         091000043062398884KARINE ARAUJO DOS ANJOS                 00000000000000000000003500000000013                 
7560001300014U 090000000000000000000000000000000000000000000000000000000000000000000000000000000000000000000000000000000000000000000000001806202418062024    00000000000000000000000                       758902075600000000000000000000       
7560001300015T 0905631000000200644540000025110901011     133619322000000020122023000000000025000756056310                         091000037621716886LAYS MELO DE OLIVEIRA                   00000000000000000000003500000000013                 
7560001300016U 090000000000000000000000000000000000000000000000000000000000000000000000000000000000000000000000000000000000000000000000001806202418062024    00000000000000000000000                       758902175600000000000000000000       
7560001300017T 0905631000000200644540000025111601011     137556177700000020122023000000000031800756056310                         091000032759330869LEANDRO MORENO BOFF                     00000000000000000000003500000000013                 
7560001300018U 090000000000000000000000000000000000000000000000000000000000000000000000000000000000000000000000000000000000000000000000001806202418062024    00000000000000000000000                       758902275600000000000000000000       
7560001300019T 0905631000000200644540000025127301011     133018132000000020122023000000000035000756056310                         091000014040948068HELOISA HELENA MONTEIRO KROMBERG        00000000000000000000003500000000013                 
7560001300020U 090000000000000000000000000000000000000000000000000000000000000000000000000000000000000000000000000000000000000000000000001806202418062024    00000000000000000000000                       758902375600000000000000000000       
7560001300021T 0905631000000200644540000025134501011     133895132200000020122023000000000032340756056310                         091000000887279805THAIS FAE LAVAREDA DE SOUZA             00000000000000000000003500000000013                 
7560001300022U 090000000000000000000000000000000000000000000000000000000000000000000000000000000000000000000000000000000000000000000000001806202418062024    00000000000000000000000                       758902475600000000000000000000       
7560001300023T 0905631000000200644540000025136001011     133931771000000020122023000000000038500756056310                         091000025811423837MARIA HELENA SAIGO                      00000000000000000000003500000000013                 
7560001300024U 090000000000000000000000000000000000000000000000000000000000000000000000000000000000000000000000000000000000000000000000001806202418062024    00000000000000000000000                       758902575600000000000000000000       
7560001300025T 0605631000000200644540000027021601011     138499180300000025062024000000000078864341059550                         091000035707793860FRANCINE RAMONEDA NUNES DOS SANTOS      00000000000000000000003500000000004                 
7560001300026U 060000000000000000000000000000000000000000000000000000000000000000000000788640000000000788640000000000000000000000000000001806202418062024    00000000000000000000000                       758953175600000000000000000000       
75600015         00002800001300000000000389860000000000000000000000000000000000000000000000000000000000000000000000                                                                                                                             
75699999         000001000030000000                                                                                                                                                                                                             
