75600000         219895217000135                    05631000000200644540IWS CURSOS DE IDIOMAS LTDA    SICOOB                                  20507202408231900135008500000                                                                     
75600011T01  043 2019895217000135          563100002405631000000200644540IWS CURSOS DE IDIOMAS LTDA                                                                                    000000000507202400000000                                 
7560001300001T 0905631000000200644540000025182901011     135887188000000005012024000000000045000756056310                         091000013428220803EDIVANIA CONCEICAO MEDEIROS DA SILVA    00000000000000000000003500000000013                 
7560001300002U 090000000000000000000000000000000000000000000000000000000000000000000000000000000000000000000000000000000000000000000000000407202404072024    00000000000000000000000                       762579475600000000000000000000       
7560001300003T 0905631000000200644540000025186801011     130706953000000005012024000000000022000756056310                         091000021895277833ERIC HENRIQUE VASCONCELLOS SANTOS       00000000000000000000003500000000013                 
7560001300004U 090000000000000000000000000000000000000000000000000000000000000000000000000000000000000000000000000000000000000000000000000407202404072024    00000000000000000000000                       762579575600000000000000000000       
7560001300005T 0905631000000200644540000025192201011     137943143500000005012024000000000056710756056310                         091000009664163848LILIAN DE FATIMA SILVA                  00000000000000000000003500000000013                 
7560001300006U 090000000000000000000000000000000000000000000000000000000000000000000000000000000000000000000000000000000000000000000000000407202404072024    00000000000000000000000                       762579675600000000000000000000       
7560001300007T 0905631000000200644540000025194701011     137979119800000005012024000000000021200756056310                         091000029939095848DIEGO GOMES                             00000000000000000000003500000000013                 
7560001300008U 090000000000000000000000000000000000000000000000000000000000000000000000000000000000000000000000000000000000000000000000000407202404072024    00000000000000000000000                       762579775600000000000000000000       
7560001300009T 0905631000000200644540000025202101011     137532141300000005012024000000000029138756056310                         091000010760816654LAURA CRISTINA LIMA DINIZ               00000000000000000000003500000000013                 
7560001300010U 090000000000000000000000000000000000000000000000000000000000000000000000000000000000000000000000000000000000000000000000000407202404072024    00000000000000000000000                       762579875600000000000000000000       
7560001300011T 0605631000000200644540000027165101011     142917206800000010072024000000000035200341090330                         091000022022841840DENISE VALENTE EVA                      00000000000000000000003500000000004                 
7560001300012U 060000000000000000000000000000000000000000000000000000000000000000000000352000000000000352000000000000000000000000000000000407202404072024    00000000000000000000000                       762559975600000000000000000000       
7560001300013T 0605631000000200644540000027246301011     141940204400000015072024000000000006000341007180                         091000043289016803MICHELE DA PAZ ALVES                    00000000000000000000003500000000004                 
7560001300014U 060000000000000000000000000000000000000000000000000000000000000000000000060000000000000060000000000000000000000000000000000407202404072024    00000000000000000000000                       762353875600000000000000000000       
7560001300015T 0605631000000200644540000027247001011     141951204400000015072024000000000005000341007180                         091000043289016803MICHELE DA PAZ ALVES                    00000000000000000000003500000000004                 
7560001300016U 060000000000000000000000000000000000000000000000000000000000000000000000050000000000000050000000000000000000000000000000000407202404072024    00000000000000000000000                       762331375600000000000000000000       
75600015         00001800000800000000000220248000000000000000000000000000000000000000000000000000000000000000000000                                                                                                                             
75699999         000001000020000000                                                                                                                                                                                                             
