75600000         219895217000135                    05631000000200644540IWS CURSOS DE IDIOMAS LTDA    SICOOB                                  20207202408425900134708500000                                                                     
75600011T01  043 2019895217000135          563100002405631000000200644540IWS CURSOS DE IDIOMAS LTDA                                                                                    000000000207202400000000                                 
7560001300001T 0905631000000200644540000025108301011     134995183800000031122023000000000035000756056310                         091000042637520582JOSE LUCIANO TRANZILLO DOS SANTOS       00000000000000000000003500000000013                 
7560001300002U 090000000000000000000000000000000000000000000000000000000000000000000000000000000000000000000000000000000000000000000000000107202401072024    00000000000000000000000                       761543975600000000000000000000       
7560001300003T 0905631000000200644540000025181101011     138771590000000001012024000000000029277756056310                         091000035158681864ARIANE PLAGLIACCI GARITA                00000000000000000000003500000000013                 
7560001300004U 090000000000000000000000000000000000000000000000000000000000000000000000000000000000000000000000000000000000000000000000000107202401072024    00000000000000000000000                       761559675600000000000000000000       
7560001300005T 0605631000000200644540000027079201011     142014192600000030062024000000000026235033007280                         091000026592685840DANIELLY VAZ CORONADO                   00000000000000000000003500000000004                 
7560001300006U 060000000000000000000000000000000000000000000000000000000000000000000000262350000000000262350000000000000000000000000000000107202401072024    00000000000000000000000                       761611875600000000000000000000       
7560001300007T 0605631000000200644540000027081801011     140350197700000030062024000000000018000081000010                         091000005159507426JOSE ALAN GALINDO PEREIRA               00000000000000000000003500000000004                 
7560001300008U 060000000000000000000000000000000000000000000000000000000000000000000000180000000000000180000000000000000000000000000000000107202401072024    00000000000000000000000                       761306675600000000000000000000       
7560001300009T 0605631000000200644540000027083201011     139614189600000030062024000000000025440237001540                         091000013037278897NORMA SUELY COUTO SANTANA               00000000000000000000003500000000004                 
7560001300010U 060000000000000000000000000000000000000000000000000000000000000000000000254400000000000254400000000000000000000000000000000107202401072024    00000000000000000000000                       761600975600000000000000000000       
7560001300011T 0605631000000200644540000027084001011     141897189600000030062024000000000005000237001540                         091000013037278897NORMA SUELY COUTO SANTANA               00000000000000000000003500000000004                 
7560001300012U 060000000000000000000000000000000000000000000000000000000000000000000000050000000000000050000000000000000000000000000000000107202401072024    00000000000000000000000                       761658575600000000000000000000       
7560001300013T 0605631000000200644540000027087101011     139100143000000030062024000000000038503341019760                         091000041922650870DEBORA SIQUEIRA DA SILVA                00000000000000000000003500000000004                 
7560001300014U 060000000000000000000000000000000000000000000000000000000000000000000000385030000000000385030000000000000000000000000000000107202401072024    00000000000000000000000                       761629975600000000000000000000       
7560001300015T 0605631000000200644540000027092901011     142967207200000030062024000000000034320341051410                         091000010402298918LUIGI SILVA FILIPPETTO                  00000000000000000000003500000000004                 
7560001300016U 060000000000000000000000000000000000000000000000000000000000000000000000343200000000000343200000000000000000000000000000000107202401072024    00000000000000000000000                       761414375600000000000000000000       
7560001300017T 0605631000000200644540000027094301011     138265144800000030062024000000000020000748040310                         091000096218444600PATRICIA ALEXANDRINA DA SILVA MORAIS    00000000000000000000003500000000004                 
7560001300018U 060000000000000000000000000000000000000000000000000000000000000000000000200000000000000200000000000000000000000000000000000107202401072024    00000000000000000000000                       761446575600000000000000000000       
7560001300019T 0605631000000200644540000027096801011     142955207100000030062024000000000034320341085760                         091000005628080942RAPHAELA FILIPPETTO                     00000000000000000000003500000000004                 
7560001300020U 060000000000000000000000000000000000000000000000000000000000000000000000343200000000000343200000000000000000000000000000000107202401072024    00000000000000000000000                       761473275600000000000000000000       
7560001300021T 0605631000000200644540000027097501011     142980207100000030062024000000000015000341085760                         091000005628080942RAPHAELA FILIPPETTO                     00000000000000000000003500000000004                 
7560001300022U 060000000000000000000000000000000000000000000000000000000000000000000000150000000000000150000000000000000000000000000000000107202401072024    00000000000000000000000                       761486275600000000000000000000       
7560001300023T 0605631000000200644540000027098201011     139472542000000030062024000000000038503001012670                         091000018743687830TANIA CORREA DA SILVA                   00000000000000000000003500000000004                 
7560001300024U 060000000000000000000000000000000000000000000000000000000000000000000000385030000000000385030000000000000000000000000000000107202401072024    00000000000000000000000                       761329875600000000000000000000       
7560001300025T 0605631000000200644540000027100301011     137924178600000030062024000000000037100237035680                         091000018874492804DANIELA DE SIQUEIRA AUDRA.              00000000000000000000003500000000004                 
7560001300026U 060000000000000000000000000000000000000000000000000000000000000000000000371000000000000371000000000000000000000000000000000107202401072024    00000000000000000000000                       761609175600000000000000000000       
7560001300027T 0605631000000200644540000027101001011     142086323000000030062024000000000025872341008660                         091000004471029908LEANDRO AUGUSTO CALIXTO                 00000000000000000000003500000000004                 
7560001300028U 060000000000000000000000000000000000000000000000000000000000000000000000258720000000000258720000000000000000000000000000000107202401072024    00000000000000000000000                       761409275600000000000000000000       
7560001300029T 0605631000000200644540000027102801011     137972389000000030062024000000000192468033021460                         091000011588248828MAURICIO MARTINELLI SILVA LUPERI        00000000000000000000003500000000004                 
7560001300030U 060000000000000000000000000000000000000000000000000000000000000000000001924680000000001924680000000000000000000000000000000107202401072024    00000000000000000000000                       761450975600000000000000000000       
7560001300031T 0605631000000200644540000027123201011     139149148600000005072024000000000034980104020340                         091000025313672843FABIOLA GURGEL                          00000000000000000000003500000000004                 
7560001300032U 060000000000000000000000000000000000000000000000000000000000000000000000349800000000000349800000000000000000000000000000000107202401072024    00000000000000000000000                       761347475600000000000000000000       
7560001300033T 0605631000000200644540000027131101011     138766966000000005072024000000000032000033010360                         091000045489539810KETYLIN DOS SANTOS                      00000000000000000000003500000000004                 
7560001300034U 060000000000000000000000000000000000000000000000000000000000000000000000320000000000000320000000000000000000000000000000000107202401072024    00000000000000000000000                       761612175600000000000000000000       
7560001300035T 0605631000000200644540000027133601011     142426595000000005072024000000000028302033010360                         091000098867539000LUCIANA HISAYO ENDO                     00000000000000000000003500000000004                 
7560001300036U 060000000000000000000000000000000000000000000000000000000000000000000000283020000000000283020000000000000000000000000000000107202401072024    00000000000000000000000                       761450875600000000000000000000       
7560001300037T 0605631000000200644540000027135001011     140179420000000005072024000000000028230033039610                         091000011632733846PAULO SERGIO GONCALVES DE OLIVEIRA      00000000000000000000003500000000004                 
7560001300038U 060000000000000000000000000000000000000000000000000000000000000000000000282300000000000282300000000000000000000000000000000107202401072024    00000000000000000000000                       761618775600000000000000000000       
7560001300039T 0605631000000200644540000027137501011     138021155700000005072024000000000026500341066900                         091000043483096809SABRINA DE OLIVEIRA TAVARES             00000000000000000000003500000000004                 
7560001300040U 060000000000000000000000000000000000000000000000000000000000000000000000265000000000000265000000000000000000000000000000000107202401072024    00000000000000000000000                       761637775600000000000000000000       
7560001300041T 0605631000000200644540000027158001011     139137207000000010072024000000000032762001029220                         091000009240151796FABIANA CRISTINA DE OLIVEIRA            00000000000000000000003500000000004                 
7560001300042U 060000000000000000000000000000000000000000000000000000000000000000000000327620000000000327620000000000000000000000000000000107202401072024    00000000000000000000000                       761582575600000000000000000000       
7560001300043T 0605631000000200644540000027170901011     138254157000000010072024000000000053000001001400                         091000007057855990KAUANNE FERREIRA DE MELO                00000000000000000000003500000000004                 
7560001300044U 060000000000000000000000000000000000000000000000000000000000000000000000530000000000000530000000000000000000000000000000000107202401072024    00000000000000000000000                       761545875600000000000000000000       
7560001300045T 0605631000000200644540000027179401011     137647537000000010072024000000000052470341070550                         091000009017220813SUZI SANTOS MONIZ                       00000000000000000000003500000000004                 
7560001300046U 060000000000000000000000000000000000000000000000000000000000000000000000524700000000000524700000000000000000000000000000000107202401072024    00000000000000000000000                       761418875600000000000000000000       
7560001300047T 0605631000000200644540000027253501011     139747163300000015072024000000000019080341031500                         091000030578064812CLEBER ROBERTO BERGER                   00000000000000000000003500000000004                 
7560001300048U 060000000000000000000000000000000000000000000000000000000000000000000000190800000000000190800000000000000000000000000000000107202401072024    00000000000000000000000                       761683075600000000000000000000       
75600015         00005000002400000000000882362000000000000000000000000000000000000000000000000000000000000000000000                                                                                                                             
75699999         000001000052000000                                                                                                                                                                                                             
