75600000         229492820000120                    05631000000200873060ANEXA IDIOMAS LTDA            SICOOB                                  22111202408424200115808500000                                                                     
75600011T01  043 2029492820000120          563100002405631000000200873060ANEXA IDIOMAS LTDA                                                                                            000000002111202400000000                                 
7560001300001T 0605631000000200873060000028603001011     140738161900000015112024000000000017750001032660                         091000073446530363ANTONIO IRAILSON BEZERRA SABOIA         00000000000000000000003500000000004                 
7560001300002U 060000000000003790000000000000000000000000000000000000000000000000000000181290000000000181290000000000000000000000000000001911202419112024    00000000000000000000000                       798507175600000000000000000000       
75600015         00000400000100000000000017750000000000000000000000000000000000000000000000000000000000000000000000                                                                                                                             
75699999         000001000006000000                                                                                                                                                                                                             
