75600000         219895217000135                    05631000000200644540IWS CURSOS DE IDIOMAS LTDA    SICOOB                                  20706202409020500133308500000                                                                     
75600011T01  043 2019895217000135          563100002405631000000200644540IWS CURSOS DE IDIOMAS LTDA                                                                                    000000000706202400000000                                 
7560001300001T 0605631000000200644540000026808501011     139734184200000010062024000000000028302260000010                         091000040323474845CHRISTOPHER PAULO CRUZ                  00000000000000000000003500000000004                 
7560001300002U 060000000000000000000000000000000000000000000000000000000000000000000000283020000000000283020000000000000000000000000000000606202406062024    00000000000000000000000                       755078875600000000000000000000       
7560001300003T 0605631000000200644540000026814001011     141475169200000010062024000000000024000237012310                         091000011874897867LUIZ ALEXANDRE PROFITTI                 00000000000000000000003500000000004                 
7560001300004U 060000000000000000000000000000000000000000000000000000000000000000000000240000000000000240000000000000000000000000000000000606202406062024    00000000000000000000000                       755167675600000000000000000000       
7560001300005T 0605631000000200644540000026815701011     142283169200000010062024000000000005000237012310                         091000011874897867LUIZ ALEXANDRE PROFITTI                 00000000000000000000003500000000004                 
7560001300006U 060000000000000000000000000000000000000000000000000000000000000000000000050000000000000050000000000000000000000000000000000606202406062024    00000000000000000000000                       755229975600000000000000000000       
7560001300007T 0605631000000200644540000026831501011     137960178400000010062024000000000021200104040770                         091000025385360813BENEDITA BISPO DA HORA                  00000000000000000000003500000000004                 
7560001300008U 060000000000000000000000000000000000000000000000000000000000000000000000212000000000000212000000000000000000000000000000000606202406062024    00000000000000000000000                       754987575600000000000000000000       
7560001300009T 0605631000000200644540000026833001011     140829167100000010062024000000000019775104002470                         091000099343460872WANDERLEY JOSE RAMOS VENANCIO           00000000000000000000003500000000004                 
7560001300010U 060000000000000000000000000000000000000000000000000000000000000000000000197750000000000197750000000000000000000000000000000606202406062024    00000000000000000000000                       755159275600000000000000000000       
7560001300011T 0605631000000200644540000026836101011     141583169000000010062024000000000024000237012310                         091000011874897867LUIZ ALEXANDRE PROFITTI                 00000000000000000000003500000000004                 
7560001300012U 060000000000000000000000000000000000000000000000000000000000000000000000240000000000000240000000000000000000000000000000000606202406062024    00000000000000000000000                       755240075600000000000000000000       
7560001300013T 0605631000000200644540000026837901011     142280169000000010062024000000000005000237012310                         091000011874897867LUIZ ALEXANDRE PROFITTI                 00000000000000000000003500000000004                 
7560001300014U 060000000000000000000000000000000000000000000000000000000000000000000000050000000000000050000000000000000000000000000000000606202406062024    00000000000000000000000                       755254475600000000000000000000       
7560001300015T 0605631000000200644540000026958501011     138896158300000015062024000000000069960237012310                         091000024985557811VIVIANE MAGLIANO                        00000000000000000000003500000000004                 
7560001300016U 060000000000000000000000000000000000000000000000000000000000000000000000699600000000000699600000000000000000000000000000000606202406062024    00000000000000000000000                       755260175600000000000000000000       
7560001300017T 0605631000000200644540000026967101011     140226122700000015062024000000000017140341007410                         091000006332290838ROSANA DE PAULO                         00000000000000000000003500000000004                 
7560001300018U 060000000000000000000000000000000000000000000000000000000000000000000000171400000000000171400000000000000000000000000000000606202406062024    00000000000000000000000                       755003575600000000000000000000       
7560001300019T 0605631000000200644540000027000101011     142916206800000010062024000000000035200341090330                         091000022022841840DENISE VALENTE EVA                      00000000000000000000003500000000004                 
7560001300020U 060000000000000000000000000000000000000000000000000000000000000000000000352000000000000352000000000000000000000000000000000606202406062024    00000000000000000000000                       755220675600000000000000000000       
75600015         00002200001000000000000249577000000000000000000000000000000000000000000000000000000000000000000000                                                                                                                             
75699999         000001000024000000                                                                                                                                                                                                             
