75600000         219895217000135                    05631000000200644540IWS CURSOS DE IDIOMAS LTDA    SICOOB                                  20601202510011600145808500000                                                                     
75600011T01  043 2019895217000135          563100002405631000000200644540IWS CURSOS DE IDIOMAS LTDA                                                                                    000000000601202500000000                                 
7560001300001T 0605631000000200644540000028675301011     142019192600000030112024000000000026235033007280                         091000026592685840DANIELLY VAZ CORONADO                   00000000000000000000003500000000004                 
7560001300002U 060000000000008310000000000000000000000000000000000000000000000000000000270660000000000270660000000000000000000000000000000301202503012025    00000000000000000000000                       810046675600000000000000000000       
7560001300003T 0605631000000200644540000028868501011     142020192600000031122024000000000026235033007280                         091000026592685840DANIELLY VAZ CORONADO                   00000000000000000000003500000000004                 
7560001300004U 060000000000005520000000000000000000000000000000000000000000000000000000267870000000000267870000000000000000000000000000000301202503012025    00000000000000000000000                       810074175600000000000000000000       
7560001300005T 0605631000000200644540000028942601011     144631215400000030122024000000000007500341093400                         091000047770715881REBECA LOPES GOMES                      00000000000000000000003500000000004                 
7560001300006U 060000000000001580000000000000000000000000000000000000000000000000000000076580000000000076580000000000000000000000000000000301202503012025    00000000000000000000000                       810063575600000000000000000000       
7560001300007T 0605631000000200644540000028954401011     143116178600000030122024000000000039326033038780                         091000018874492804DANIELA DE SIQUEIRA AUDRA.              00000000000000000000003500000000004                 
7560001300008U 060000000000008390000000000000000000000000000000000000000000000000000000401650000000000401650000000000000000000000000000000301202503012025    00000000000000000000000                       810050275600000000000000000000       
7560001300009T 0605631000000200644540000028957601011     142092323000000030122024000000000025872341008660                         091000004471029908LEANDRO AUGUSTO CALIXTO                 00000000000000000000003500000000004                 
7560001300010U 060000000000005530000000000000000000000000000000000000000000000000000000264250000000000264250000000000000000000000000000000301202503012025    00000000000000000000000                       810054175600000000000000000000       
7560001300011T 0605631000000200644540000029061901011     141617202100000005012025000000000030000033010360                         091000029247398886ANGELA MARIA DIAS DOS REIS              00000000000000000000003500000000004                 
7560001300012U 060000000000000000000000000000000000000000000000000000000000000000000000300000000000000300000000000000000000000000000000000301202503012025    00000000000000000000000                       810200975600000000000000000000       
7560001300013T 0605631000000200644540000029081601011     141482169200000010012025000000000024000237012310                         091000011874897867LUIZ ALEXANDRE PROFITTI                 00000000000000000000003500000000004                 
7560001300014U 060000000000000000000000000000000000000000000000000000000000000000000000240000000000000240000000000000000000000000000000000301202503012025    00000000000000000000000                       810041675600000000000000000000       
7560001300015T 0605631000000200644540000029083001011     139897181000000005012025000000000021200104010050                         091000029619296877DEBORA DO CARMO ALVES DA SILVA          00000000000000000000003500000000004                 
7560001300016U 060000000000000000000000000000000000000000000000000000000000000000000000212000000000000212000000000000000000000000000000000301202503012025    00000000000000000000000                       810031975600000000000000000000       
7560001300017T 0605631000000200644540000029117601011     141590169000000010012025000000000024000237012310                         091000011874897867LUIZ ALEXANDRE PROFITTI                 00000000000000000000003500000000004                 
7560001300018U 060000000000000000000000000000000000000000000000000000000000000000000000240000000000000240000000000000000000000000000000000301202503012025    00000000000000000000000                       810083475600000000000000000000       
75600015         00002000000900000000000224368000000000000000000000000000000000000000000000000000000000000000000000                                                                                                                             
75699999         000001000022000000                                                                                                                                                                                                             
