75600000         219895217000135                    05631000000200644540IWS CURSOS DE IDIOMAS LTDA    SICOOB                                  23001202511414300147408500000                                                                     
75600011T01  043 2019895217000135          563100002405631000000200644540IWS CURSOS DE IDIOMAS LTDA                                                                                    000000003001202500000000                                 
7560001300001T 0605631000000200644540000029292001011     139263950000000025012025000000000024253237009650                         091000009304309808JOAO GABRIEL ZUANETTI                   00000000000000000000003500000000004                 
7560001300002U 060000000000005170000000000000000000000000000000000000000000000000000000247700000000000247700000000000000000000000000000002901202529012025    00000000000000000000000                       817202275600000000000000000000       
7560001300003T 0605631000000200644540000029339101011     146155195000000030012025000000000025000341014910                         091000044237668843AMERICO RICARDO COUTINHO DIAS           00000000000000000000003500000000004                 
7560001300004U 060000000000000000000000000000000000000000000000000000000000000000000000250000000000000250000000000000000000000000000000002901202529012025    00000000000000000000000                       817211775600000000000000000000       
7560001300005T 0605631000000200644540000029404601011     142871537000000010022025000000000055618341070550                         091000009017220813SUZI SANTOS MONIZ                       00000000000000000000003500000000004                 
7560001300006U 060000000000000000000000000000000000000000000000000000000000000000000000556180000000000556180000000000000000000000000000002901202529012025    00000000000000000000000                       817215475600000000000000000000       
75600015         00000800000300000000000104871000000000000000000000000000000000000000000000000000000000000000000000                                                                                                                             
75699999         000001000010000000                                                                                                                                                                                                             
