75600000         229492820000120                    05631000000200873060ANEXA IDIOMAS LTDA            SICOOB                                  20710202410230000113408500000                                                                     
75600011T01  043 2029492820000120          563100002405631000000200873060ANEXA IDIOMAS LTDA                                                                                            000000000710202400000000                                 
7560001300001T 0905631000000200873060000027717601011     139270186000000031082024000000000030000756056310                         091000032827595842JONATHAN ARAUJO DE SOUZA                00000000000000000000003500000000009                 
7560001300002U 090000000000000000000000000000000000000000000000000000000000000000000000000000000000000000000000000000000000000000000000000410202404102024    00000000000000000000000                       786310475600000000000000000000       
7560001300003T 0605631000000200873060000028198001011     142229205100000010102024000000000022000104033000                         091000028110782825CRISTIANE DOS SANTOS                    00000000000000000000003500000000004                 
7560001300004U 060000000000000000000000000000000000000000000000000000000000000000000000220000000000000220000000000000000000000000000000000410202404102024    00000000000000000000000                       786337875600000000000000000000       
7560001300005T 0605631000000200873060000028229401011     144147205800000010102024000000000005000341015170                         091000046586007810NICOLE DOS SANTOS                       00000000000000000000003500000000004                 
7560001300006U 060000000000000000000000000000000000000000000000000000000000000000000000050000000000000050000000000000000000000000000000000410202404102024    00000000000000000000000                       786357975600000000000000000000       
75600015         00000800000300000000000057000000000000000000000000000000000000000000000000000000000000000000000000                                                                                                                             
75699999         000001000010000000                                                                                                                                                                                                             
