75600000         219895217000135                    05631000000200644540IWS CURSOS DE IDIOMAS LTDA    SICOOB                                  22307202408424500135708500000                                                                     
75600011T01  043 2019895217000135          563100002405631000000200644540IWS CURSOS DE IDIOMAS LTDA                                                                                    000000002307202400000000                                 
7560001300001T 0605631000000200644540000027301401011     138618300000000025072024000000000030000341089100                         092008952410000144HOLLYTEC                                00000000000000000000003500000000004                 
7560001300002U 060000000000000000000000000000000000000000000000000000000000000000000000300000000000000300000000000000000000000000000000002207202422072024    00000000000000000000000                       767325075600000000000000000000       
7560001300003T 0605631000000200644540000027314001011     139843189400000020072024000000000025440033010360                         091000032198572800EVANDRO CARDOSO SOUZA                   00000000000000000000003500000000004                 
7560001300004U 060000000000000000000000000000000000000000000000000000000000000000000000254400000000000254400000000000000000000000000000002207202422072024    00000000000000000000000                       767297875600000000000000000000       
7560001300005T 0605631000000200644540000027315701011     139855189400000020072024000000000025440033010360                         091000032198572800EVANDRO CARDOSO SOUZA                   00000000000000000000003500000000004                 
7560001300006U 060000000000000000000000000000000000000000000000000000000000000000000000254400000000000254400000000000000000000000000000002207202422072024    00000000000000000000000                       767377775600000000000000000000       
7560001300007T 0605631000000200644540000027321101011     137563177700000020072024000000000031800341031500                         091000032759330869LEANDRO MORENO BOFF                     00000000000000000000003500000000004                 
7560001300008U 060000000000000000000000000000000000000000000000000000000000000000000000318000000000000318000000000000000000000000000000002207202422072024    00000000000000000000000                       767527775600000000000000000000       
7560001300009T 0605631000000200644540000027322901011     138566195900000020072024000000000060000341086090                         091000027789099825DANIELA COLAPIETRO RODRIGUES            00000000000000000000003500000000004                 
7560001300010U 060000000000000000000000000000000000000000000000000000000000000000000000600000000000000600000000000000000000000000000000002207202422072024    00000000000000000000000                       767502075600000000000000000000       
7560001300011T 0605631000000200644540000027323601011     137599354000000020072024000000000025465033007660                         091000021920881832MARCELO DA SILVA FREIRE                 00000000000000000000003500000000004                 
7560001300012U 060000000000000000000000000000000000000000000000000000000000000000000000254650000000000254650000000000000000000000000000002207202422072024    00000000000000000000000                       767474275600000000000000000000       
7560001300013T 0605631000000200644540000027330801011     139281489000000020072024000000000027961237001560                         091000048915085825JOYCE BOLOGNANI ROVERI                  00000000000000000000003500000000004                 
7560001300014U 060000000000000000000000000000000000000000000000000000000000000000000000279610000000000279610000000000000000000000000000002207202422072024    00000000000000000000000                       767255775600000000000000000000       
7560001300015T 0605631000000200644540000027331501011     139485132200000020072024000000000034280341062410                         091000000887279805THAIS FAE LAVAREDA DE SOUZA             00000000000000000000003500000000004                 
7560001300016U 060000000000000000000000000000000000000000000000000000000000000000000000342800000000000342800000000000000000000000000000002207202422072024    00000000000000000000000                       767318975600000000000000000000       
7560001300017T 0605631000000200644540000027352001011     139559197400000025072024000000000018000104002500                         091000028682214830MARCIA SILVA BONFIM DE SOUZA            00000000000000000000003500000000004                 
7560001300018U 060000000000000000000000000000000000000000000000000000000000000000000000180000000000000180000000000000000000000000000000002207202422072024    00000000000000000000000                       767409975600000000000000000000       
7560001300019T 0605631000000200644540000027353701011     142242197400000025072024000000000005000104002500                         091000028682214830MARCIA SILVA BONFIM DE SOUZA            00000000000000000000003500000000004                 
7560001300020U 060000000000000000000000000000000000000000000000000000000000000000000000050000000000000050000000000000000000000000000000002207202422072024    00000000000000000000000                       767421375600000000000000000000       
7560001300021T 0605631000000200644540000027355101011     141875942000000025072024000000000065000341040990                         091000015450028865ELISABETE JOIA MINELLI CAMPOS           00000000000000000000003500000000004                 
7560001300022U 060000000000000000000000000000000000000000000000000000000000000000000000650000000000000650000000000000000000000000000000002207202422072024    00000000000000000000000                       767315275600000000000000000000       
7560001300023T 0605631000000200644540000027356901011     138500180300000025072024000000000078864341059550                         091000035707793860FRANCINE RAMONEDA NUNES DOS SANTOS      00000000000000000000003500000000004                 
7560001300024U 060000000000000000000000000000000000000000000000000000000000000000000000788640000000000788640000000000000000000000000000002207202422072024    00000000000000000000000                       767495475600000000000000000000       
7560001300025T 0605631000000200644540000027357601011     139173181300000025072024000000000018985104002500                         091000028682214830MARCIA SILVA BONFIM DE SOUZA            00000000000000000000003500000000004                 
7560001300026U 060000000000000000000000000000000000000000000000000000000000000000000000189850000000000189850000000000000000000000000000002207202422072024    00000000000000000000000                       767429675600000000000000000000       
7560001300027T 0605631000000200644540000027382001011     143344207700000020072024000000000034500001015550                         091000027757867827MIRIAN FREIRE IWATA                     00000000000000000000003500000000004                 
7560001300028U 060000000000000000000000000000000000000000000000000000000000000000000000345000000000000345000000000000000000000000000000002207202422072024    00000000000000000000000                       767235475600000000000000000000       
7560001300029T 0605631000000200644540000027447401011     140927102200000005082024000000000032629077000010                         091000043704621854VICTOR TONETTO MARQUES                  00000000000000000000003500000000004                 
7560001300030U 060000000000000000000000000000000000000000000000000000000000000000000000326290000000000326290000000000000000000000000000002207202422072024    00000000000000000000000                       767576075600000000000000000000       
75600015         00003200001500000000000513364000000000000000000000000000000000000000000000000000000000000000000000                                                                                                                             
75699999         000001000034000000                                                                                                                                                                                                             
