75600000         232970660000191                    05631000000200980140EDUULMC CURSOS DE IDIOMAS LTDASICOOB                                  20207202409023800086608500000                                                                     
75600011T01  043 2032970660000191          563100002405631000000200980140EDUULMC CURSOS DE IDIOMAS LTDA                                                                                000000000207202400000000                                 
7560001300001T 0605631000000200980140000027112101011     142026153000000030062024000000000034607001070250                         091000047064514850FERNANDO VASCONDE DE ARRUDA             00000000000000000000003500000000004                 
7560001300002U 060000000000000000000000000000000000000000000000000000000000000000000000346070000000000346070000000000000000000000000000000107202401072024    00000000000000000000000                       761339875600000000000000000000       
7560001300003T 0605631000000200980140000027114601011     141141198000000030062024000000000010000033000600                         091000026605186885ARIANA ACQUESTA CANAL                   00000000000000000000003500000000004                 
7560001300004U 060000000000000000000000000000000000000000000000000000000000000000000000100000000000000100000000000000000000000000000000000107202401072024    00000000000000000000000                       761394475600000000000000000000       
7560001300005T 0605631000000200980140000027115301011     138327193800000030062024000000000026700237000850                         091000045724935880MARINA CESCHIN                          00000000000000000000003500000000004                 
7560001300006U 060000000000000000000000000000000000000000000000000000000000000000000000267000000000000267000000000000000000000000000000000107202401072024    00000000000000000000000                       761353575600000000000000000000       
7560001300007T 0605631000000200980140000027148601011     139807151900000005072024000000000033920341093010                         091000016426937827ELISANGELA LOPES CASSOLATO              00000000000000000000003500000000004                 
7560001300008U 060000000000000000000000000000000000000000000000000000000000000000000000339200000000000339200000000000000000000000000000000107202401072024    00000000000000000000000                       761443875600000000000000000000       
7560001300009T 0605631000000200980140000027152601011     138420125600000005072024000000000032000033010360                         091000029951643817JULIANA TAVARES DE ARAUJO               00000000000000000000003500000000004                 
7560001300010U 060000000000000000000000000000000000000000000000000000000000000000000000320000000000000320000000000000000000000000000000000107202401072024    00000000000000000000000                       761396475600000000000000000000       
75600015         00001200000500000000000137227000000000000000000000000000000000000000000000000000000000000000000000                                                                                                                             
75699999         000001000014000000                                                                                                                                                                                                             
