75600000         219895217000135                    05631000000200644540IWS CURSOS DE IDIOMAS LTDA    SICOOB                                  21809202407424800139508500000                                                                     
75600011T01  043 2019895217000135          563100002405631000000200644540IWS CURSOS DE IDIOMAS LTDA                                                                                    000000001809202400000000                                 
7560001300001T 0905631000000200644540000026001001011     137885116300000020032024000000000031482756056310                         091000047950320842ANA CLARA DE SOUZA RODRIGUES            00000000000000000000003500000000013                 
7560001300002U 090000000000000000000000000000000000000000000000000000000000000000000000000000000000000000000000000000000000000000000000001709202417092024    00000000000000000000000                       782711375600000000000000000000       
7560001300003T 0905631000000200644540000026002701011     139623183700000020032024000000000019080756056310                         091000016695147817RENATO BEZERRA SANTANA                  00000000000000000000003500000000013                 
7560001300004U 090000000000000000000000000000000000000000000000000000000000000000000000000000000000000000000000000000000000000000000000001709202417092024    00000000000000000000000                       782711475600000000000000000000       
7560001300005T 0905631000000200644540000026003401011     139683165300000020032024000000000029150756056310                         091000015954461848ALESSANDRA BARBOSA DE BARROS            00000000000000000000003500000000013                 
7560001300006U 090000000000000000000000000000000000000000000000000000000000000000000000000000000000000000000000000000000000000000000000001709202417092024    00000000000000000000000                       782711575600000000000000000000       
7560001300007T 0905631000000200644540000026005901011     141255201500000020032024000000000019900756056310                         091000018352738828SILVIA CRISTINA DE SOUZA                00000000000000000000003500000000013                 
7560001300008U 090000000000000000000000000000000000000000000000000000000000000000000000000000000000000000000000000000000000000000000000001709202417092024    00000000000000000000000                       782711675600000000000000000000       
7560001300009T 0905631000000200644540000026006601011     140972184300000020032024000000000007500756056310                         091000021895277833ERIC HENRIQUE VASCONCELLOS SANTOS       00000000000000000000003500000000013                 
7560001300010U 090000000000000000000000000000000000000000000000000000000000000000000000000000000000000000000000000000000000000000000000001709202417092024    00000000000000000000000                       782710575600000000000000000000       
7560001300011T 0905631000000200644540000026007301011     139827184300000020032024000000000019080756056310                         091000021895277833ERIC HENRIQUE VASCONCELLOS SANTOS       00000000000000000000003500000000013                 
7560001300012U 090000000000000000000000000000000000000000000000000000000000000000000000000000000000000000000000000000000000000000000000001709202417092024    00000000000000000000000                       782710675600000000000000000000       
7560001300013T 0905631000000200644540000026011301011     139863184700000020032024000000000020564756056310                         091000021895277833ERIC HENRIQUE VASCONCELLOS SANTOS       00000000000000000000003500000000013                 
7560001300014U 090000000000000000000000000000000000000000000000000000000000000000000000000000000000000000000000000000000000000000000000001709202417092024    00000000000000000000000                       782710775600000000000000000000       
7560001300015T 0905631000000200644540000026012001011     140974184700000020032024000000000007500756056310                         091000021895277833ERIC HENRIQUE VASCONCELLOS SANTOS       00000000000000000000003500000000013                 
7560001300016U 090000000000000000000000000000000000000000000000000000000000000000000000000000000000000000000000000000000000000000000000001709202417092024    00000000000000000000000                       782710875600000000000000000000       
7560001300017T 0905631000000200644540000026013801011     140587147600000020032024000000000007500756056310                         091000043062398884KARINE ARAUJO DOS ANJOS                 00000000000000000000003500000000013                 
7560001300018U 090000000000000000000000000000000000000000000000000000000000000000000000000000000000000000000000000000000000000000000000001709202417092024    00000000000000000000000                       782710975600000000000000000000       
7560001300019T 0905631000000200644540000026014501011     140007147600000020032024000000000035000756056310                         091000043062398884KARINE ARAUJO DOS ANJOS                 00000000000000000000003500000000013                 
7560001300020U 090000000000000000000000000000000000000000000000000000000000000000000000000000000000000000000000000000000000000000000000001709202417092024    00000000000000000000000                       782711075600000000000000000000       
7560001300021T 0905631000000200644540000026015201011     139325322000000020032024000000000026500756056310                         091000037621716886LAYS MELO DE OLIVEIRA                   00000000000000000000003500000000013                 
7560001300022U 090000000000000000000000000000000000000000000000000000000000000000000000000000000000000000000000000000000000000000000000001709202417092024    00000000000000000000000                       782709975600000000000000000000       
7560001300023T 0905631000000200644540000026020001011     140980376000000020032024000000000025000756056310                         091000031073432858MARIA ISABEL OLIVEIRA HAYASHI           00000000000000000000003500000000013                 
7560001300024U 090000000000000000000000000000000000000000000000000000000000000000000000000000000000000000000000000000000000000000000000001709202417092024    00000000000000000000000                       782710075600000000000000000000       
7560001300025T 0905631000000200644540000026021701011     141707202700000020032024000000000020000756056310                         091000050507642899REBECA ALVIN ROCHA                      00000000000000000000003500000000013                 
7560001300026U 090000000000000000000000000000000000000000000000000000000000000000000000000000000000000000000000000000000000000000000000001709202417092024    00000000000000000000000                       782710175600000000000000000000       
7560001300027T 0905631000000200644540000026022401011     141719202700000020032024000000000005000756056310                         091000050507642899REBECA ALVIN ROCHA                      00000000000000000000003500000000013                 
7560001300028U 090000000000000000000000000000000000000000000000000000000000000000000000000000000000000000000000000000000000000000000000001709202417092024    00000000000000000000000                       782710275600000000000000000000       
7560001300029T 0905631000000200644540000026024901011     138544572000000020032024000000000037100756056310                         091000026425715804WALQUIRIA BATISTA DA SILVA              00000000000000000000003500000000013                 
7560001300030U 090000000000000000000000000000000000000000000000000000000000000000000000000000000000000000000000000000000000000000000000001709202417092024    00000000000000000000000                       782710375600000000000000000000       
7560001300031T 0905631000000200644540000026057101011     141781183700000020032024000000000005000756056310                         091000016695147817RENATO BEZERRA SANTANA                  00000000000000000000003500000000013                 
7560001300032U 090000000000000000000000000000000000000000000000000000000000000000000000000000000000000000000000000000000000000000000000001709202417092024    00000000000000000000000                       782710475600000000000000000000       
7560001300033T 0905631000000200644540000026129701011     140439198300000020032024000000000025000756056310                         091000044504887843CAMILA SILVA BARCELOS                   00000000000000000000003500000000013                 
7560001300034U 090000000000000000000000000000000000000000000000000000000000000000000000000000000000000000000000000000000000000000000000001709202417092024    00000000000000000000000                       782709375600000000000000000000       
7560001300035T 0905631000000200644540000026130501011     141817203600000020032024000000000028700756056310                         091000036613110850NATALIA APARECIDA DE PAULA RIBEIRO      00000000000000000000003500000000013                 
7560001300036U 090000000000000000000000000000000000000000000000000000000000000000000000000000000000000000000000000000000000000000000000001709202417092024    00000000000000000000000                       782709475600000000000000000000       
7560001300037T 0605631000000200644540000027804501011     139761131000000015092024000000000014711085011630                         091000004099091902DANIEL FELIPE FILACHOWSKI               00000000000000000000003500000000004                 
7560001300038U 060000000000003040000000000000000000000000000000000000000000000000000000150150000000000150150000000000000000000000000000001709202417092024    00000000000000000000000                       782507875600000000000000000000       
7560001300039T 0605631000000200644540000028086301011     144085179700000017092024000000000004500237038580                         091000038938785807PALOMA LOURENCO DOS SANTOS              00000000000000000000003500000000004                 
7560001300040U 060000000000000000000000000000000000000000000000000000000000000000000000045000000000000045000000000000000000000000000000001709202417092024    00000000000000000000000                       782651875600000000000000000000       
75600015         00004200002000000000000388267000000000000000000000000000000000000000000000000000000000000000000000                                                                                                                             
75699999         000001000044000000                                                                                                                                                                                                             
