75600000         219895217000135                    05631000000200644540IWS CURSOS DE IDIOMAS LTDA    SICOOB                                  20801202509012500146008500000                                                                     
75600011T01  043 2019895217000135          563100002405631000000200644540IWS CURSOS DE IDIOMAS LTDA                                                                                    000000000801202500000000                                 
7560001300001T 0905631000000200644540000027160501011     140602400000000010072024000000000031800756056310                         091000039857755836ALINE NUNES DAL SOGLIO GUIDI            00000000000000000000003500000000013                 
7560001300002U 090000000000000000000000000000000000000000000000000000000000000000000000000000000000000000000000000000000000000000000000000701202507012025    00000000000000000000000                       811322775600000000000000000000       
7560001300003T 0905631000000200644540000027182701011     142356206100000010072024000000000026000756056310                         091000029578120885JULIANA MARIA DE OLIVEIRA               00000000000000000000003500000000013                 
7560001300004U 090000000000000000000000000000000000000000000000000000000000000000000000000000000000000000000000000000000000000000000000000701202507012025    00000000000000000000000                       811322875600000000000000000000       
7560001300005T 0605631000000200644540000028921101011     143842211300000030122024000000000038700033018070                         091000042656568897LAYANA BRITO LIMA                       00000000000000000000003500000000004                 
7560001300006U 060000000000008780000000000000000000000000000000000000000000000000000000395780000000000395780000000000000000000000000000000701202507012025    00000000000000000000000                       811037975600000000000000000000       
7560001300007T 0605631000000200644540000028931501011     144581215300000030122024000000000024700341091700                         091000064095061804MARIA CARNEIRO DE ANDRADE               00000000000000000000003500000000004                 
7560001300008U 060000000000005580000000000000000000000000000000000000000000000000000000252580000000000252580000000000000000000000000000000701202507012025    00000000000000000000000                       811052275600000000000000000000       
7560001300009T 0605631000000200644540000029059301011     143629209700000010012025000000000021000237001540                         091000034482455857CRISTIANE DE JESUS PEREIRA              00000000000000000000003500000000004                 
7560001300010U 060000000000000000000000000000000000000000000000000000000000000000000000210000000000000210000000000000000000000000000000000701202507012025    00000000000000000000000                       811029775600000000000000000000       
7560001300011T 0605631000000200644540000029062601011     139632183700000010012025000000000019080033001400                         091000016695147817RENATO BEZERRA SANTANA                  00000000000000000000003500000000004                 
7560001300012U 060000000000000000000000000000000000000000000000000000000000000000000000190800000000000190800000000000000000000000000000000701202507012025    00000000000000000000000                       811248275600000000000000000000       
7560001300013T 0605631000000200644540000029066501011     139741184200000010012025000000000028302260000010                         091000040323474845CHRISTOPHER PAULO CRUZ                  00000000000000000000003500000000004                 
7560001300014U 060000000000000000000000000000000000000000000000000000000000000000000000283020000000000283020000000000000000000000000000000701202507012025    00000000000000000000000                       811146175600000000000000000000       
7560001300015T 0605631000000200644540000029134101011     140632128000000010012025000000000030905033001540                         091000098638726287DAN SHINKAI                             00000000000000000000003500000000004                 
7560001300016U 060000000000000000000000000000000000000000000000000000000000000000000000309050000000000309050000000000000000000000000000000701202507012025    00000000000000000000000                       811036675600000000000000000000       
7560001300017T 0605631000000200644540000029224001011     139777153000000020012025000000000004904033034090                         091000032300678861DIOGO NEVES MARINHO                     00000000000000000000003500000000004                 
7560001300018U 060000000000000000000000000000000000000000000000000000000000000000000000049040000000000049040000000000000000000000000000000701202507012025    00000000000000000000000                       811039975600000000000000000000       
75600015         00002000000900000000000225391000000000000000000000000000000000000000000000000000000000000000000000                                                                                                                             
75699999         000001000022000000                                                                                                                                                                                                             
