75600000         219895217000135                    05631000000200644540IWS CURSOS DE IDIOMAS LTDA    SICOOB                                  20910202409024400140808500000                                                                     
75600011T01  043 2019895217000135          563100002405631000000200644540IWS CURSOS DE IDIOMAS LTDA                                                                                    000000000910202400000000                                 
7560001300001T 0905631000000200644540000026141601011     136317401000000010042024000000000032687756056310                         091000006435889813MIRIAM MEDEIROS DA SILVA                00000000000000000000003500000000013                 
7560001300002U 090000000000000000000000000000000000000000000000000000000000000000000000000000000000000000000000000000000000000000000000000810202408102024    00000000000000000000000                       787844475600000000000000000000       
7560001300003T 0905631000000200644540000026144801011     140599400000000010042024000000000031800756056310                         091000039857755836ALINE NUNES DAL SOGLIO GUIDI            00000000000000000000003500000000013                 
7560001300004U 090000000000000000000000000000000000000000000000000000000000000000000000000000000000000000000000000000000000000000000000000810202408102024    00000000000000000000000                       787844575600000000000000000000       
7560001300005T 0905631000000200644540000026150201011     139708183000000010042024000000000028302756056310                         091000032988336814CARLOS HENRIQUE DE OLIVEIRA             00000000000000000000003500000000013                 
7560001300006U 090000000000000000000000000000000000000000000000000000000000000000000000000000000000000000000000000000000000000000000000000810202408102024    00000000000000000000000                       787844675600000000000000000000       
7560001300007T 0905631000000200644540000026166001011     137020264000000010042024000000000023320756056310                         091000026634012857JERRISLEI BENTO NOGUEIRA                00000000000000000000003500000000013                 
7560001300008U 090000000000000000000000000000000000000000000000000000000000000000000000000000000000000000000000000000000000000000000000000810202408102024    00000000000000000000000                       787844775600000000000000000000       
7560001300009T 0905631000000200644540000026173101011     138667196400000010042024000000000030000756056310                         091000036299312866LETICIA RAMOS SHINKAI                   00000000000000000000003500000000013                 
7560001300010U 090000000000000000000000000000000000000000000000000000000000000000000000000000000000000000000000000000000000000000000000000810202408102024    00000000000000000000000                       787844875600000000000000000000       
7560001300011T 0905631000000200644540000026191401011     138075193400000010042024000000000032000756056310                         091000031689196831ANDREIA APARECIDA LIMA DA CRUZ          00000000000000000000003500000000013                 
7560001300012U 090000000000000000000000000000000000000000000000000000000000000000000000000000000000000000000000000000000000000000000000000810202408102024    00000000000000000000000                       787843775600000000000000000000       
7560001300013T 0905631000000200644540000026198501011     140623128000000010042024000000000034339756056310                         091000098638726287DAN SHINKAI                             00000000000000000000003500000000013                 
7560001300014U 090000000000000000000000000000000000000000000000000000000000000000000000000000000000000000000000000000000000000000000000000810202408102024    00000000000000000000000                       787843875600000000000000000000       
7560001300015T 0905631000000200644540000026199201011     140803137200000010042024000000000028118756056310                         091000044202915836LAIS CREPALDI                           00000000000000000000003500000000013                 
7560001300016U 090000000000000000000000000000000000000000000000000000000000000000000000000000000000000000000000000000000000000000000000000810202408102024    00000000000000000000000                       787843975600000000000000000000       
7560001300017T 0905631000000200644540000026391801011     142238128000000010042024000000000030905756056310                         091000098638726287DAN SHINKAI                             00000000000000000000003500000000013                 
7560001300018U 090000000000000000000000000000000000000000000000000000000000000000000000000000000000000000000000000000000000000000000000000810202408102024    00000000000000000000000                       787844075600000000000000000000       
7560001300019T 0605631000000200644540000028153201011     142771256000000010102024000000000039551001067610                         091000007810479865IDERALDO ELMER RIBEIRO                  00000000000000000000003500000000004                 
7560001300020U 060000000000000000000000000000000000000000000000000000000000000000000000395510000000000395510000000000000000000000000000000810202408102024    00000000000000000000000                       787726575600000000000000000000       
7560001300021T 0605631000000200644540000028154001011     141279201700000010102024000000000010000341074220                         091000009727368670ISABELA KRISTINA MESQUITA SILVA         00000000000000000000003500000000004                 
7560001300022U 060000000000000000000000000000000000000000000000000000000000000000000000100000000000000100000000000000000000000000000000000810202408102024    00000000000000000000000                       787456075600000000000000000000       
7560001300023T 0605631000000200644540000028172201011     140290187300000010102024000000000031800033000600                         091000032837190802THAIS CRISTINA DA COSTA GHIDELLI CAMPOS 00000000000000000000003500000000004                 
7560001300024U 060000000000000000000000000000000000000000000000000000000000000000000000318000000000000318000000000000000000000000000000000810202408102024    00000000000000000000000                       787439075600000000000000000000       
7560001300025T 0605631000000200644540000028173001011     140917151400000010102024000000000022247033001070                         091000004913644823VALQUIRIA DE CASSIA NUNES SOARES        00000000000000000000003500000000004                 
7560001300026U 060000000000000000000000000000000000000000000000000000000000000000000000222470000000000222470000000000000000000000000000000810202408102024    00000000000000000000000                       787651875600000000000000000000       
75600015         00002800001300000000000375069000000000000000000000000000000000000000000000000000000000000000000000                                                                                                                             
75699999         000001000030000000                                                                                                                                                                                                             
