75600000         219895217000135                    05631000000200644540IWS CURSOS DE IDIOMAS LTDA    SICOOB                                  22210202408424600141608500000                                                                     
75600011T01  043 2019895217000135          563100002405631000000200644540IWS CURSOS DE IDIOMAS LTDA                                                                                    000000002210202400000000                                 
7560001300001T 0605631000000200644540000028309101011     139562197400000025102024000000000018000104002500                         091000028682214830MARCIA SILVA BONFIM DE SOUZA            00000000000000000000003500000000004                 
7560001300002U 060000000000000000000000000000000000000000000000000000000000000000000000180000000000000180000000000000000000000000000000002110202421102024    00000000000000000000000                       791046175600000000000000000000       
7560001300003T 0605631000000200644540000028313101011     141878942000000025102024000000000065000341040990                         091000015450028865ELISABETE JOIA MINELLI CAMPOS           00000000000000000000003500000000004                 
7560001300004U 060000000000000000000000000000000000000000000000000000000000000000000000650000000000000650000000000000000000000000000000002110202421102024    00000000000000000000000                       791119975600000000000000000000       
7560001300005T 0605631000000200644540000028315601011     139846189400000020102024000000000025440033010360                         091000032198572800EVANDRO CARDOSO SOUZA                   00000000000000000000003500000000004                 
7560001300006U 060000000000000000000000000000000000000000000000000000000000000000000000254400000000000254400000000000000000000000000000002110202421102024    00000000000000000000000                       791083375600000000000000000000       
7560001300007T 0605631000000200644540000028316301011     139858189400000020102024000000000025440033010360                         091000032198572800EVANDRO CARDOSO SOUZA                   00000000000000000000003500000000004                 
7560001300008U 060000000000000000000000000000000000000000000000000000000000000000000000254400000000000254400000000000000000000000000000002110202421102024    00000000000000000000000                       791064175600000000000000000000       
7560001300009T 0605631000000200644540000028320301011     139176181300000025102024000000000018985104002500                         091000028682214830MARCIA SILVA BONFIM DE SOUZA            00000000000000000000003500000000004                 
7560001300010U 060000000000000000000000000000000000000000000000000000000000000000000000189850000000000189850000000000000000000000000000002110202421102024    00000000000000000000000                       791038875600000000000000000000       
7560001300011T 0605631000000200644540000028325001011     140014147600000020102024000000000031500033010360                         091000043062398884KARINE ARAUJO DOS ANJOS                 00000000000000000000003500000000004                 
7560001300012U 060000000000000000000000000000000000000000000000000000000000000000000000315000000000000315000000000000000000000000000000002110202421102024    00000000000000000000000                       791052675600000000000000000000       
7560001300013T 0605631000000200644540000028328101011     142843354000000020102024000000000026993033007660                         091000021920881832MARCELO DA SILVA FREIRE                 00000000000000000000003500000000004                 
7560001300014U 060000000000000000000000000000000000000000000000000000000000000000000000269930000000000269930000000000000000000000000000002110202421102024    00000000000000000000000                       791138175600000000000000000000       
7560001300015T 0605631000000200644540000028331401011     143347207700000020102024000000000034500001015550                         091000027757867827MIRIAN FREIRE IWATA                     00000000000000000000003500000000004                 
7560001300016U 060000000000000000000000000000000000000000000000000000000000000000000000345000000000000345000000000000000000000000000000002110202421102024    00000000000000000000000                       790982175600000000000000000000       
7560001300017T 0605631000000200644540000028339201011     143705210300000020102024000000000026700341016000                         091000054195109876WANESSA MORAES                          00000000000000000000003500000000004                 
7560001300018U 060000000000000000000000000000000000000000000000000000000000000000000000267000000000000267000000000000000000000000000000002110202421102024    00000000000000000000000                       791123875600000000000000000000       
7560001300019T 0605631000000200644540000028341801011     138828132000000020102024000000000037100001000650                         091000014040948068HELOISA HELENA MONTEIRO KROMBERG        00000000000000000000003500000000004                 
7560001300020U 060000000000000000000000000000000000000000000000000000000000000000000000371000000000000371000000000000000000000000000000002110202421102024    00000000000000000000000                       791147875600000000000000000000       
7560001300021T 0605631000000200644540000028342501011     139284489000000020102024000000000027961237001560                         091000048915085825JOYCE BOLOGNANI ROVERI                  00000000000000000000003500000000004                 
7560001300022U 060000000000000000000000000000000000000000000000000000000000000000000000279610000000000279610000000000000000000000000000002110202421102024    00000000000000000000000                       790965975600000000000000000000       
7560001300023T 0605631000000200644540000028344001011     139488132200000020102024000000000034280001035690                         091000000887279805THAIS FAE LAVAREDA DE SOUZA             00000000000000000000003500000000004                 
7560001300024U 060000000000000000000000000000000000000000000000000000000000000000000000342800000000000342800000000000000000000000000000002110202421102024    00000000000000000000000                       790978975600000000000000000000       
7560001300025T 0605631000000200644540000028380501011     144325213500000020102024000000000069600237017690                         091000042363400895MARIA TEREZA BORATTO BARBOSA            00000000000000000000003500000000004                 
7560001300026U 060000000000000000000000000000000000000000000000000000000000000000000000696000000000000696000000000000000000000000000000002110202421102024    00000000000000000000000                       791143075600000000000000000000       
7560001300027T 0605631000000200644540000028393001011     143778210900000030102024000000000023000033010360                         091000029447536816JANAINE CIRILA SILVA                    00000000000000000000003500000000004                 
7560001300028U 060000000000000000000000000000000000000000000000000000000000000000000000230000000000000230000000000000000000000000000000002110202421102024    00000000000000000000000                       791044175600000000000000000000       
7560001300029T 0605631000000200644540000028407901011     139500128200000030102024000000000040810260000010                         091000041725138832ULISSES TIAGO DO NASCIMENTO FIGUEIREDO G00000000000000000000003500000000004                 
7560001300030U 060000000000000000000000000000000000000000000000000000000000000000000000408100000000000408100000000000000000000000000000002110202421102024    00000000000000000000000                       790927475600000000000000000000       
75600015         00003200001500000000000505309000000000000000000000000000000000000000000000000000000000000000000000                                                                                                                             
75699999         000001000034000000                                                                                                                                                                                                             
