75600000         229492820000120                    05631000000200873060ANEXA IDIOMAS LTDA            SICOOB                                  21707202408232200109308500000                                                                     
75600011T01  043 2029492820000120          563100002405631000000200873060ANEXA IDIOMAS LTDA                                                                                            000000001707202400000000                                 
7560001300001T 0605631000000200873060000027286501011     140758163200000016072024000000000022360341002630                         091000026421529879RENATA CRISTINA SOLHA PEREZ             00000000000000000000003500000000004                 
7560001300002U 060000000000000000000000000000000000000000000000000000000000000000000000223600000000000223600000000000000000000000000000001607202416072024    00000000000000000000000                       766171875600000000000000000000       
7560001300003T 0605631000000200873060000027333701011     141928204300000020072024000000000028300033044330                         091000026257486807ELIANA SOUSA DE OLIVEIRA                00000000000000000000003500000000004                 
7560001300004U 060000000000000000000000000000000000000000000000000000000000000000000000283000000000000283000000000000000000000000000000001607202416072024    00000000000000000000000                       766386575600000000000000000000       
7560001300005T 0605631000000200873060000027415601011     141213197000000030072024000000000030000341082550                         091000000879236884RAQUEL DIAS RAMALHO                     00000000000000000000003500000000004                 
7560001300006U 060000000000000000000000000000000000000000000000000000000000000000000000300000000000000300000000000000000000000000000000001607202416072024    00000000000000000000000                       766403975600000000000000000000       
75600015         00000800000300000000000080660000000000000000000000000000000000000000000000000000000000000000000000                                                                                                                             
75699999         000001000010000000                                                                                                                                                                                                             
