75600000         229492820000120                    05631000000200873060ANEXA IDIOMAS LTDA            SICOOB                                  22805202408424000106508500000                                                                     
75600011T01  043 2029492820000120          563100002405631000000200873060ANEXA IDIOMAS LTDA                                                                                            000000002805202400000000                                 
7560001300001T 0605631000000200873060000026738101011     137033111500000025052024000000000028620033029800                         091000098449648491MARIA HELENA DOS REIS                   00000000000000000000003500000000004                 
7560001300002U 060000000000000000000000000000000000000000000000000000000000000000000000286200000000000286200000000000000000000000000000002705202427052024    00000000000000000000000                       752481275600000000000000000000       
7560001300003T 0605631000000200873060000026740701011     140273133700000025052024000000000017490341073860                         091000034193427803EDVANIA SILVA PEREIRA                   00000000000000000000003500000000004                 
7560001300004U 060000000000000000000000000000000000000000000000000000000000000000000000174900000000000174900000000000000000000000000000002705202427052024    00000000000000000000000                       752858575600000000000000000000       
7560001300005T 0605631000000200873060000026876301011     140022188100000005062024000000000018974341063110                         091000026928896817MARCIO RICARDO ARAUJO                   00000000000000000000003500000000004                 
7560001300006U 060000000000000000000000000000000000000000000000000000000000000000000000189740000000000189740000000000000000000000000000002705202427052024    00000000000000000000000                       752698475600000000000000000000       
75600015         00000800000300000000000065084000000000000000000000000000000000000000000000000000000000000000000000                                                                                                                             
75699999         000001000010000000                                                                                                                                                                                                             
