75600000         229492820000120                    05631000000200873060ANEXA IDIOMAS LTDA            SICOOB                                  21301202511012500118408500000                                                                     
75600011T01  043 2029492820000120          563100002405631000000200873060ANEXA IDIOMAS LTDA                                                                                            000000001301202500000000                                 
7560001300001T 0605631000000200873060000029140301011     141908204100000010012025000000000022880237001120                         091000082872864849AIDE BRITO DE DEUS OLIVEIRA             00000000000000000000003500000000004                 
7560001300002U 060000000000000000000000000000000000000000000000000000000000000000000000228800000000000228800000000000000000000000000000001001202510012025    00000000000000000000000                       812373575600000000000000000000       
7560001300003T 0605631000000200873060000029142801011     139011182900000010012025000000000021094341007880                         091000010645957828ROSANA BOSON CONCEICAO MACEDO           00000000000000000000003500000000004                 
7560001300004U 060000000000000000000000000000000000000000000000000000000000000000000000210940000000000210940000000000000000000000000000001001202510012025    00000000000000000000000                       812317875600000000000000000000       
7560001300005T 0605631000000200873060000029145001011     142678194600000015012025000000000018974341073860                         091000000580681637VIVIANE DALCIN GARCIA DE OLIVEIRA       00000000000000000000003500000000004                 
7560001300006U 060000000000000000000000000000000000000000000000000000000000000000000000189740000000000189740000000000000000000000000000001001202510012025    00000000000000000000000                       812671875600000000000000000000       
7560001300007T 0605631000000200873060000029146701011     141985172600000010012025000000000020112033047230                         091000020533601860LUCIANA CARVALHO                        00000000000000000000003500000000004                 
7560001300008U 060000000000000000000000000000000000000000000000000000000000000000000000201120000000000201120000000000000000000000000000001001202510012025    00000000000000000000000                       812671975600000000000000000000       
7560001300009T 0605631000000200873060000029152101011     140535199000000010012025000000000022000237023850                         091000034614329896MANOEL J NETO                           00000000000000000000003500000000004                 
7560001300010U 060000000000000000000000000000000000000000000000000000000000000000000000220000000000000220000000000000000000000000000000001001202510012025    00000000000000000000000                       812330175600000000000000000000       
7560001300011T 0605631000000200873060000029154601011     142762113000000010012025000000000043259033046320                         091000027109212866ALESSANDRA DOURADO MELO                 00000000000000000000003500000000004                 
7560001300012U 060000000000000000000000000000000000000000000000000000000000000000000000432590000000000432590000000000000000000000000000001001202510012025    00000000000000000000000                       812672075600000000000000000000       
7560001300013T 0605631000000200873060000029155301011     142081152900000016012025000000000030899260000010                         091000028645823845EDNALVA RITA BEZERRA                    00000000000000000000003500000000004                 
7560001300014U 060000000000000000000000000000000000000000000000000000000000000000000000308990000000000308990000000000000000000000000000001001202510012025    00000000000000000000000                       812672175600000000000000000000       
7560001300015T 0605631000000200873060000029163201011     144418159000000010012025000000000026700341031300                         091000044355857824LEANDRO DA PAZ PEDRO                    00000000000000000000003500000000004                 
7560001300016U 060000000000000000000000000000000000000000000000000000000000000000000000267000000000000267000000000000000000000000000000001001202510012025    00000000000000000000000                       812671775600000000000000000000       
7560001300017T 0605631000000200873060000029165701011     140824139100000010012025000000000060674260000010                         091000035044873802LUCAS DA PAZ PEDRO                      00000000000000000000003500000000004                 
7560001300018U 060000000000000000000000000000000000000000000000000000000000000000000000606740000000000606740000000000000000000000000000001001202510012025    00000000000000000000000                       812671575600000000000000000000       
7560001300019T 0605631000000200873060000029171101011     143401207600000010012025000000000039326260000010                         091000036044850889MARIANA ROCHA REGO                      00000000000000000000003500000000004                 
7560001300020U 060000000000000000000000000000000000000000000000000000000000000000000000393260000000000393260000000000000000000000000000001001202510012025    00000000000000000000000                       812671675600000000000000000000       
75600015         00002200001000000000000305918000000000000000000000000000000000000000000000000000000000000000000000                                                                                                                             
75699999         000001000024000000                                                                                                                                                                                                             
