75600000         229492820000120                    05631000000200873060ANEXA IDIOMAS LTDA            SICOOB                                  21705202408212300106208500000                                                                     
75600011T01  043 2029492820000120          563100002405631000000200873060ANEXA IDIOMAS LTDA                                                                                            000000001705202400000000                                 
7560001300001T 0605631000000200873060000026661001011     140756163200000016052024000000000022360341002630                         091000026421529879RENATA CRISTINA SOLHA PEREZ             00000000000000000000003500000000004                 
7560001300002U 060000000000000000000000000000000000000000000000000000000000000000000000223600000000000223600000000000000000000000000000001605202416052024    00000000000000000000000                       750509675600000000000000000000       
7560001300003T 0605631000000200873060000026773001011     141211197000000030052024000000000030000341082550                         091000000879236884RAQUEL DIAS RAMALHO                     00000000000000000000003500000000004                 
7560001300004U 060000000000000000000000000000000000000000000000000000000000000000000000300000000000000300000000000000000000000000000000001605202416052024    00000000000000000000000                       750520675600000000000000000000       
75600015         00000600000200000000000052360000000000000000000000000000000000000000000000000000000000000000000000                                                                                                                             
75699999         000001000008000000                                                                                                                                                                                                             
