75600000         219895217000135                    05631000000200644540IWS CURSOS DE IDIOMAS LTDA    SICOOB                                  20107202407422900134608500000                                                                     
75600011T01  043 2019895217000135          563100002405631000000200644540IWS CURSOS DE IDIOMAS LTDA                                                                                    000000000107202400000000                                 
7560001300001T 0905631000000200644540000025083401011     137930155900000030122023000000000014712756056310                         091000003251742965JONAS ROBERTO KOEHLER                   00000000000000000000003500000000013                 
7560001300002U 090000000000000000000000000000000000000000000000000000000000000000000000000000000000000000000000000000000000000000000000002806202428062024    00000000000000000000000                       761147775600000000000000000000       
7560001300003T 0905631000000200644540000025094501011     135093700000000030122023000000000031800756056310                         091000021472802837DAYANE FEITOSA LIMA                     00000000000000000000003500000000013                 
7560001300004U 090000000000000000000000000000000000000000000000000000000000000000000000000000000000000000000000000000000000000000000000002806202428062024    00000000000000000000000                       761147675600000000000000000000       
7560001300005T 0905631000000200644540000025102001011     138692196300000030122023000000000015000756056310                         091000045433892808GABRIELA LOPES PESTANA                  00000000000000000000003500000000013                 
7560001300006U 090000000000000000000000000000000000000000000000000000000000000000000000000000000000000000000000000000000000000000000000002806202428062024    00000000000000000000000                       761147575600000000000000000000       
7560001300007T 0905631000000200644540000025119401011     133247180700000030122023000000000018000756056310                         091000082692009568SHEILA RIBEIRO DOS SANTOS               00000000000000000000003500000000013                 
7560001300008U 090000000000000000000000000000000000000000000000000000000000000000000000000000000000000000000000000000000000000000000000002806202428062024    00000000000000000000000                       761148675600000000000000000000       
7560001300009T 0905631000000200644540000025124101011     136145480000000030122023000000000029580756056310                         091000041970584890ANA VITORIA ROLIM FRANCESCHI            00000000000000000000003500000000013                 
7560001300010U 090000000000000000000000000000000000000000000000000000000000000000000000000000000000000000000000000000000000000000000000002806202428062024    00000000000000000000000                       761148575600000000000000000000       
7560001300011T 0905631000000200644540000025132001011     137604113500000030122023000000000026500756056310                         091000001516610733KEYLA CRISTINA CASSARO GUIDONI          00000000000000000000003500000000013                 
7560001300012U 090000000000000000000000000000000000000000000000000000000000000000000000000000000000000000000000000000000000000000000000002806202428062024    00000000000000000000000                       761148475600000000000000000000       
7560001300013T 0905631000000200644540000025133801011     138002435000000030122023000000000032741756056310                         091000041970583819RICARDO FRANCESCHI FILHO                00000000000000000000003500000000013                 
7560001300014U 090000000000000000000000000000000000000000000000000000000000000000000000000000000000000000000000000000000000000000000000002806202428062024    00000000000000000000000                       761148375600000000000000000000       
7560001300015T 0605631000000200644540000027082501011     138394195000000030062024000000000025000341014910                         091000044237668843AMERICO RICARDO COUTINHO DIAS           00000000000000000000003500000000004                 
7560001300016U 060000000000000000000000000000000000000000000000000000000000000000000000250000000000000250000000000000000000000000000000002806202428062024    00000000000000000000000                       761049175600000000000000000000       
7560001300017T 0605631000000200644540000027093601011     142979207200000030062024000000000015000341051410                         091000010402298918LUIGI SILVA FILIPPETTO                  00000000000000000000003500000000004                 
7560001300018U 060000000000000000000000000000000000000000000000000000000000000000000000150000000000000150000000000000000000000000000000002806202428062024    00000000000000000000000                       761272775600000000000000000000       
7560001300019T 0605631000000200644540000027122501011     139819183100000005072024000000000028302033010360                         091000034078049893ELLEN DOS SANTOS FRANCO                 00000000000000000000003500000000004                 
7560001300020U 060000000000000000000000000000000000000000000000000000000000000000000000283020000000000283020000000000000000000000000000002806202428062024    00000000000000000000000                       761041175600000000000000000000       
7560001300021T 0605631000000200644540000027157201011     143012207400000030062024000000000070400033009190                         091000022974269842GRACIELLE DE SOUSA ANDRADE              00000000000000000000003500000000004                 
7560001300022U 060000000000000000000000000000000000000000000000000000000000000000000000704000000000000704000000000000000000000000000000002806202428062024    00000000000000000000000                       761254075600000000000000000000       
75600015         00002400001100000000000307035000000000000000000000000000000000000000000000000000000000000000000000                                                                                                                             
75699999         000001000026000000                                                                                                                                                                                                             
