75600000         219895217000135                    05631000000200644540IWS CURSOS DE IDIOMAS LTDA    SICOOB                                  20807202409025300135108500000                                                                     
75600011T01  043 2019895217000135          563100002405631000000200644540IWS CURSOS DE IDIOMAS LTDA                                                                                    000000000807202400000000                                 
7560001300001T 0605631000000200644540000027118501011     140489198800000005072024000000000078800033008210                         091000039743835814HUDSON CARDOSO DE OLIVEIRA              00000000000000000000003500000000004                 
7560001300002U 060000000000000000000000000000000000000000000000000000000000000000000000788000000000000788000000000000000000000000000000000507202405072024    00000000000000000000000                       762694575600000000000000000000       
7560001300003T 0605631000000200644540000027125701011     139891181000000005072024000000000021200341020000                         091000029619296877DEBORA DO CARMO ALVES DA SILVA          00000000000000000000003500000000004                 
7560001300004U 060000000000000000000000000000000000000000000000000000000000000000000000212000000000000212000000000000000000000000000000000507202405072024    00000000000000000000000                       762803275600000000000000000000       
7560001300005T 0605631000000200644540000027126401011     139939185000000005072024000000000024380341038090                         091000008563118803SIMONE SOARES ZUANETTI                  00000000000000000000003500000000004                 
7560001300006U 060000000000000000000000000000000000000000000000000000000000000000000000243800000000000243800000000000000000000000000000000507202405072024    00000000000000000000000                       762656875600000000000000000000       
7560001300007T 0605631000000200644540000027129601011     139963185200000005072024000000000021094341038090                         091000008563118803SIMONE SOARES ZUANETTI                  00000000000000000000003500000000004                 
7560001300008U 060000000000000000000000000000000000000000000000000000000000000000000000210940000000000210940000000000000000000000000000000507202405072024    00000000000000000000000                       762663575600000000000000000000       
7560001300009T 0605631000000200644540000027130401011     141802138800000005072024000000000045000104030410                         091000027156202847DEBORA FERREIRA TRINDADE                00000000000000000000003500000000004                 
7560001300010U 060000000000000000000000000000000000000000000000000000000000000000000000450000000000000450000000000000000000000000000000000507202405072024    00000000000000000000000                       762646875600000000000000000000       
7560001300011T 0605631000000200644540000027136801011     140239181900000005072024000000000024804237005930                         091000028597539828ROSANGELA DE LOURDES MENDES             00000000000000000000003500000000004                 
7560001300012U 060000000000000000000000000000000000000000000000000000000000000000000000248040000000000248040000000000000000000000000000000507202405072024    00000000000000000000000                       762685675600000000000000000000       
7560001300013T 0605631000000200644540000027139001011     139041840000000005072024000000000023320341062410                         091000015257641879CARLOS ALEXANDRE RIBEIRINHO             00000000000000000000003500000000004                 
7560001300014U 060000000000000000000000000000000000000000000000000000000000000000000000233200000000000233200000000000000000000000000000000507202405072024    00000000000000000000000                       762744075600000000000000000000       
7560001300015T 0605631000000200644540000027140801011     142450153200000005072024000000000037100341062410                         091000015257641879CARLOS ALEXANDRE RIBEIRINHO             00000000000000000000003500000000004                 
7560001300016U 060000000000000000000000000000000000000000000000000000000000000000000000371000000000000371000000000000000000000000000000000507202405072024    00000000000000000000000                       762805175600000000000000000000       
7560001300017T 0605631000000200644540000027155801011     143024169600000005072024000000000030740104020340                         091000025313672843FABIOLA GURGEL                          00000000000000000000003500000000004                 
7560001300018U 060000000000000000000000000000000000000000000000000000000000000000000000307400000000000307400000000000000000000000000000000507202405072024    00000000000000000000000                       762645375600000000000000000000       
7560001300019T 0605631000000200644540000027163701011     139735184200000010072024000000000028302260000010                         091000040323474845CHRISTOPHER PAULO CRUZ                  00000000000000000000003500000000004                 
7560001300020U 060000000000000000000000000000000000000000000000000000000000000000000000283020000000000283020000000000000000000000000000000507202405072024    00000000000000000000000                       762793675600000000000000000000       
7560001300021T 0605631000000200644540000027164401011     140427198200000010072024000000000022500001068210                         091000032864696886DANILO NOVO OTAVIANO                    00000000000000000000003500000000004                 
7560001300022U 060000000000000000000000000000000000000000000000000000000000000000000000225000000000000225000000000000000000000000000000000507202405072024    00000000000000000000000                       762766975600000000000000000000       
7560001300023T 0605631000000200644540000027172301011     140047184500000010072024000000000028302260000010                         091000042564299806LETTICIA POSCHI MOTA                    00000000000000000000003500000000004                 
7560001300024U 060000000000000000000000000000000000000000000000000000000000000000000000283020000000000283020000000000000000000000000000000507202405072024    00000000000000000000000                       762793775600000000000000000000       
7560001300025T 0605631000000200644540000027180201011     140287187300000010072024000000000031800033000600                         091000032837190802THAIS CRISTINA DA COSTA GHIDELLI CAMPOS 00000000000000000000003500000000004                 
7560001300026U 060000000000000000000000000000000000000000000000000000000000000000000000318000000000000318000000000000000000000000000000000507202405072024    00000000000000000000000                       762863875600000000000000000000       
7560001300027T 0605631000000200644540000027185901011     137347140000000010072024000000000026500341006460                         091000048087608860BIANCA OLIVEIRA SILVA                   00000000000000000000003500000000004                 
7560001300028U 060000000000000000000000000000000000000000000000000000000000000000000000265000000000000265000000000000000000000000000000000507202405072024    00000000000000000000000                       762704375600000000000000000000       
75600015         00003000001400000000000443842000000000000000000000000000000000000000000000000000000000000000000000                                                                                                                             
75699999         000001000032000000                                                                                                                                                                                                             
