75600000         229492820000120                    05631000000200873060ANEXA IDIOMAS LTDA            SICOOB                                  20208202409030500110208500000                                                                     
75600011T01  043 2029492820000120          563100002405631000000200873060ANEXA IDIOMAS LTDA                                                                                            000000000208202400000000                                 
7560001300001T 0605631000000200873060000027412401011     139269186000000031072024000000000030000341022790                         091000032827595842JONATHAN ARAUJO DE SOUZA                00000000000000000000003500000000004                 
7560001300002U 060000000000006100000000000000000000000000000000000000000000000000000000306100000000000306100000000000000000000000000000000108202401082024    00000000000000000000000                       769719575600000000000000000000       
7560001300003T 0605631000000200873060000027510101011     139246128400000010082024000000000034662341007560                         091000000623528819ANTONIO CARLOS DA SILVA                 00000000000000000000003500000000004                 
7560001300004U 060000000000000000000000000000000000000000000000000000000000000000000000346620000000000346620000000000000000000000000000000108202401082024    00000000000000000000000                       769598475600000000000000000000       
7560001300005T 0605631000000200873060000027519701011     142227205100000010082024000000000022000104033000                         091000028110782825CRISTIANE DOS SANTOS                    00000000000000000000003500000000004                 
7560001300006U 060000000000000000000000000000000000000000000000000000000000000000000000220000000000000220000000000000000000000000000000000108202401082024    00000000000000000000000                       769580475600000000000000000000       
7560001300007T 0605631000000200873060000027525101011     138034523000000010082024000000000025338104003440                         091000008745532885VANDA UTINO MOREIRA                     00000000000000000000003500000000004                 
7560001300008U 060000000000000000000000000000000000000000000000000000000000000000000000253380000000000253380000000000000000000000000000000108202401082024    00000000000000000000000                       769693875600000000000000000000       
7560001300009T 0605631000000200873060000027545901011     143440208100000005082024000000000028400077000010                         091000048719557884MARIA LUIZA CESARIO MARTINS             00000000000000000000003500000000004                 
7560001300010U 060000000000000000000000000000000000000000000000000000000000000000000000284000000000000284000000000000000000000000000000000108202401082024    00000000000000000000000                       769782075600000000000000000000       
7560001300011T 0605631000000200873060000027600001011     141081200600000015082024000000000022000341070550                         091000017121273810MARCIA CASTRO OLIVEIRA                  00000000000000000000003500000000004                 
7560001300012U 060000000000000000000000000000000000000000000000000000000000000000000000220000000000000220000000000000000000000000000000000108202401082024    00000000000000000000000                       769604475600000000000000000000       
7560001300013T 0605631000000200873060000027601701011     143489200600000015082024000000000013500341070550                         091000017121273810MARCIA CASTRO OLIVEIRA                  00000000000000000000003500000000004                 
7560001300014U 060000000000000000000000000000000000000000000000000000000000000000000000135000000000000135000000000000000000000000000000000108202401082024    00000000000000000000000                       769621575600000000000000000000       
75600015         00001600000700000000000175900000000000000000000000000000000000000000000000000000000000000000000000                                                                                                                             
75699999         000001000018000000                                                                                                                                                                                                             
