75600000         232970660000191                    05631000000200980140EDUULMC CURSOS DE IDIOMAS LTDASICOOB                                  22908202409030100089308500000                                                                     
75600011T01  043 2032970660000191          563100002405631000000200980140EDUULMC CURSOS DE IDIOMAS LTDA                                                                                000000002908202400000000                                 
7560001300001T 0605631000000200980140000027737601011     140084137400000028082024000000000040810341037990                         091000028686773800RENATO MONTEFUSCO                       00000000000000000000003500000000004                 
7560001300002U 060000000000000000000000000000000000000000000000000000000000000000000000408100000000000408100000000000000000000000000000002808202428082024    00000000000000000000000                       776793275600000000000000000000       
75600015         00000400000100000000000040810000000000000000000000000000000000000000000000000000000000000000000000                                                                                                                             
75699999         000001000006000000                                                                                                                                                                                                             
