75600000         229492820000120                    05631000000200873060ANEXA IDIOMAS LTDA            SICOOB                                  22801202511300800119008500000                                                                     
75600011T01  043 2029492820000120          563100002405631000000200873060ANEXA IDIOMAS LTDA                                                                                            000000002801202500000000                                 
7560001300001T 0905631000000200873060000027414901011     143041207500000030072024000000000063000756056310                         091000042240260823MARCELA DINIZ DA SILVA                  00000000000000000000003500000000013                 
7560001300002U 090000000000000000000000000000000000000000000000000000000000000000000000000000000000000000000000000000000000000000000000002701202527012025    00000000000000000000000                       816855975600000000000000000000       
7560001300003T 0905631000000200873060000027416301011     138909186100000030072024000000000028970756056310                         091000022328841805RICARDO MOREIRA BORGES                  00000000000000000000003500000000013                 
7560001300004U 090000000000000000000000000000000000000000000000000000000000000000000000000000000000000000000000000000000000000000000000002701202527012025    00000000000000000000000                       816856075600000000000000000000       
7560001300005T 0605631000000200873060000029311301011     139167127200000025012025000000000025281341063110                         091000028642395826CARLA REGINA DE ARAUJO                  00000000000000000000003500000000004                 
7560001300006U 060000000000000000000000000000000000000000000000000000000000000000000000252810000000000252810000000000000000000000000000002701202527012025    00000000000000000000000                       816551575600000000000000000000       
7560001300007T 0605631000000200873060000029314501011     142420111500000025012025000000000030337237006580                         091000098449648491MARIA HELENA DOS REIS                   00000000000000000000003500000000004                 
7560001300008U 060000000000000000000000000000000000000000000000000000000000000000000000303370000000000303370000000000000000000000000000002701202527012025    00000000000000000000000                       816903175600000000000000000000       
7560001300009T 0605631000000200873060000029319101011     140281133700000025012025000000000017490237011930                         091000034193427803EDVANIA SILVA PEREIRA                   00000000000000000000003500000000004                 
7560001300010U 060000000000000000000000000000000000000000000000000000000000000000000000174900000000000174900000000000000000000000000000002701202527012025    00000000000000000000000                       816619675600000000000000000000       
75600015         00001200000500000000000165078000000000000000000000000000000000000000000000000000000000000000000000                                                                                                                             
75699999         000001000014000000                                                                                                                                                                                                             
