75600000         232970660000191                    05631000000200980140EDUULMC CURSOS DE IDIOMAS LTDASICOOB                                  22905202409243900084908500000                                                                     
75600011T01  043 2032970660000191          563100002405631000000200980140EDUULMC CURSOS DE IDIOMAS LTDA                                                                                000000002905202400000000                                 
7560001300001T 0605631000000200980140000026745601011     140081137400000028052024000000000040810341037990                         091000028686773800RENATO MONTEFUSCO                       00000000000000000000003500000000004                 
7560001300002U 060000000000000000000000000000000000000000000000000000000000000000000000408100000000000408100000000000000000000000000000002805202428052024    00000000000000000000000                       753072175600000000000000000000       
7560001300003T 0605631000000200980140000026901601011     139806151900000005062024000000000033920341093010                         091000016426937827ELISANGELA LOPES CASSOLATO              00000000000000000000003500000000004                 
7560001300004U 060000000000000000000000000000000000000000000000000000000000000000000000339200000000000339200000000000000000000000000000002805202428052024    00000000000000000000000                       753164575600000000000000000000       
75600015         00000600000200000000000074730000000000000000000000000000000000000000000000000000000000000000000000                                                                                                                             
75699999         000001000008000000                                                                                                                                                                                                             
