75600000         229492820000120                    05631000000200873060ANEXA IDIOMAS LTDA            SICOOB                                  20706202409020500107108500000                                                                     
75600011T01  043 2029492820000120          563100002405631000000200873060ANEXA IDIOMAS LTDA                                                                                            000000000706202400000000                                 
7560001300001T 0605631000000200873060000026857301011     141954204500000010062024000000000022200341086380                         091000033025700823SHIRLEI BATISTA MORILLO                 00000000000000000000003500000000004                 
7560001300002U 060000000000000000000000000000000000000000000000000000000000000000000000222000000000000222000000000000000000000000000000000606202406062024    00000000000000000000000                       755219975600000000000000000000       
7560001300003T 0605631000000200873060000026878801011     140034187100000005062024000000000017914341002630                         091000058254616809MARCO RODRIGUES PEREIRA                 00000000000000000000003500000000004                 
7560001300004U 060000000000003640000000000000000000000000000000000000000000000000000000182780000000000182780000000000000000000000000000000606202406062024    00000000000000000000000                       755001275600000000000000000000       
75600015         00000600000200000000000040114000000000000000000000000000000000000000000000000000000000000000000000                                                                                                                             
75699999         000001000008000000                                                                                                                                                                                                             
