75600000         219895217000135                    05631000000200644540IWS CURSOS DE IDIOMAS LTDA    SICOOB                                  20701202509212200145908500000                                                                     
75600011T01  043 2019895217000135          563100002405631000000200644540IWS CURSOS DE IDIOMAS LTDA                                                                                    000000000701202500000000                                 
7560001300001T 0605631000000200644540000028869201011     139776153000000020122024000000000004904033034090                         091000032300678861DIOGO NEVES MARINHO                     00000000000000000000003500000000004                 
7560001300002U 060000000000001320000000000000000000000000000000000000000000000000000000050360000000000050360000000000000000000000000000000601202506012025    00000000000000000000000                       810833075600000000000000000000       
7560001300003T 0605631000000200644540000029048201011     142726733000000005012025000000000032027341065600                         091000002135412899FELICIA DEL GALLO ROCHA                 00000000000000000000003500000000004                 
7560001300004U 060000000000000000000000000000000000000000000000000000000000000000000000320270000000000320270000000000000000000000000000000601202506012025    00000000000000000000000                       810569575600000000000000000000       
7560001300005T 0605631000000200644540000029049001011     140495198800000005012025000000000078800033008210                         091000039743835814HUDSON CARDOSO DE OLIVEIRA              00000000000000000000003500000000004                 
7560001300006U 060000000000000000000000000000000000000000000000000000000000000000000000788000000000000788000000000000000000000000000000000601202506012025    00000000000000000000000                       810386275600000000000000000000       
7560001300007T 0605631000000200644540000029060101011     144358214100000001012025000000000033500341037480                         091000021976609852ANDERSON DOS SANTOS REGAZIO             00000000000000000000003500000000004                 
7560001300008U 060000000000007250000000000000000000000000000000000000000000000000000000342250000000000342250000000000000000000000000000000601202506012025    00000000000000000000000                       810846375600000000000000000000       
7560001300009T 0605631000000200644540000029075101011     144567215100000005012025000000000024700033003400                         091000046397259811ELAINE CRISTINA DUARTE DE SOUZA         00000000000000000000003500000000004                 
7560001300010U 060000000000000000000000000000000000000000000000000000000000000000000000247000000000000247000000000000000000000000000000000601202506012025    00000000000000000000000                       810826875600000000000000000000       
7560001300011T 0605631000000200644540000029076901011     139825183100000005012025000000000028302033010360                         091000034078049893ELLEN DOS SANTOS FRANCO                 00000000000000000000003500000000004                 
7560001300012U 060000000000000000000000000000000000000000000000000000000000000000000000283020000000000283020000000000000000000000000000000601202506012025    00000000000000000000000                       810386475600000000000000000000       
7560001300013T 0605631000000200644540000029080901011     139155148600000005012025000000000028334104002710                         091000025313672843FABIOLA GURGEL                          00000000000000000000003500000000004                 
7560001300014U 060000000000000000000000000000000000000000000000000000000000000000000000283340000000000283340000000000000000000000000000000601202506012025    00000000000000000000000                       810772175600000000000000000000       
7560001300015T 0605631000000200644540000029089401011     139945185000000005012025000000000024380341038090                         091000008563118803SIMONE SOARES ZUANETTI                  00000000000000000000003500000000004                 
7560001300016U 060000000000000000000000000000000000000000000000000000000000000000000000243800000000000243800000000000000000000000000000000601202506012025    00000000000000000000000                       810543075600000000000000000000       
7560001300017T 0605631000000200644540000029090201011     141506169600000005012025000000000030740104002710                         091000025313672843FABIOLA GURGEL                          00000000000000000000003500000000004                 
7560001300018U 060000000000000000000000000000000000000000000000000000000000000000000000307400000000000307400000000000000000000000000000000601202506012025    00000000000000000000000                       810877575600000000000000000000       
7560001300019T 0605631000000200644540000029092701011     139969185200000005012025000000000021094341038090                         091000008563118803SIMONE SOARES ZUANETTI                  00000000000000000000003500000000004                 
7560001300020U 060000000000000000000000000000000000000000000000000000000000000000000000210940000000000210940000000000000000000000000000000601202506012025    00000000000000000000000                       810478475600000000000000000000       
7560001300021T 0605631000000200644540000029096601011     143507208600000010012025000000000018900260000010                         091000034465431805JACIANE IZIDORIO DE OLIVEIRA SOUZA      00000000000000000000003500000000004                 
7560001300022U 060000000000000000000000000000000000000000000000000000000000000000000000189000000000000189000000000000000000000000000000000601202506012025    00000000000000000000000                       810788275600000000000000000000       
7560001300023T 0605631000000200644540000029100101011     143567157000000010012025000000000056180001001400                         091000007057855990KAUANNE FERREIRA DE MELO                00000000000000000000003500000000004                 
7560001300024U 060000000000000000000000000000000000000000000000000000000000000000000000561800000000000561800000000000000000000000000000000601202506012025    00000000000000000000000                       810349175600000000000000000000       
7560001300025T 0605631000000200644540000029108001011     143651209800000010012025000000000055000341038090                         091000006694524838MARIA LUIZA ARDIZZONE ROSSI             00000000000000000000003500000000004                 
7560001300026U 060000000000000000000000000000000000000000000000000000000000000000000000550000000000000550000000000000000000000000000000000601202506012025    00000000000000000000000                       810846575600000000000000000000       
7560001300027T 0605631000000200644540000029118301011     140245181900000005012025000000000024804237005930                         091000028597539828ROSANGELA DE LOURDES MENDES             00000000000000000000003500000000004                 
7560001300028U 060000000000000000000000000000000000000000000000000000000000000000000000248040000000000248040000000000000000000000000000000601202506012025    00000000000000000000000                       810786175600000000000000000000       
7560001300029T 0605631000000200644540000029119001011     143321155700000005012025000000000028090341066900                         091000043483096809SABRINA DE OLIVEIRA TAVARES             00000000000000000000003500000000004                 
7560001300030U 060000000000000000000000000000000000000000000000000000000000000000000000280900000000000280900000000000000000000000000000000601202506012025    00000000000000000000000                       810365575600000000000000000000       
7560001300031T 0605631000000200644540000029130201011     142654140000000010012025000000000028090341006460                         091000048087608860BIANCA OLIVEIRA SILVA                   00000000000000000000003500000000004                 
7560001300032U 060000000000000000000000000000000000000000000000000000000000000000000000280900000000000280900000000000000000000000000000000601202506012025    00000000000000000000000                       810374075600000000000000000000       
7560001300033T 0605631000000200644540000029133401011     141458694000000005012025000000000038154033017840                         091000036768656856CINTIA DEZASSO QUINI                    00000000000000000000003500000000004                 
7560001300034U 060000000000000000000000000000000000000000000000000000000000000000000000381540000000000381540000000000000000000000000000000601202506012025    00000000000000000000000                       810384575600000000000000000000       
7560001300035T 0605631000000200644540000029137301011     144430124200000015012025000000000043259237001560                         091000017129471840LISANDRA MARQUES ALISEDA SEDRANI        00000000000000000000003500000000004                 
7560001300036U 060000000000000000000000000000000000000000000000000000000000000000000000432590000000000432590000000000000000000000000000000601202506012025    00000000000000000000000                       810783575600000000000000000000       
75600015         00003800001800000000000599258000000000000000000000000000000000000000000000000000000000000000000000                                                                                                                             
75699999         000001000040000000                                                                                                                                                                                                             
