75600000         219895217000135                    05631000000200644540IWS CURSOS DE IDIOMAS LTDA    SICOOB                                  23105202409034000132808500000                                                                     
75600011T01  043 2019895217000135          563100002405631000000200644540IWS CURSOS DE IDIOMAS LTDA                                                                                    000000003105202400000000                                 
7560001300001T 0905631000000200644540000024837001011     137703192600000030112023000000000034650756056310                         091000026592685840DANIELLY VAZ CORONADO                   00000000000000000000003500000000013                 
7560001300002U 090000000000000000000000000000000000000000000000000000000000000000000000000000000000000000000000000000000000000000000000002905202429052024    00000000000000000000000                       753466275600000000000000000000       
7560001300003T 0905631000000200644540000024838801011     137929155900000030112023000000000014712756056310                         091000003251742965JONAS ROBERTO KOEHLER                   00000000000000000000003500000000013                 
7560001300004U 090000000000000000000000000000000000000000000000000000000000000000000000000000000000000000000000000000000000000000000000002905202429052024    00000000000000000000000                       753466375600000000000000000000       
7560001300005T 0905631000000200644540000024844201011     135092700000000030112023000000000031800756056310                         091000021472802837DAYANE FEITOSA LIMA                     00000000000000000000003500000000013                 
7560001300006U 090000000000000000000000000000000000000000000000000000000000000000000000000000000000000000000000000000000000000000000000002905202429052024    00000000000000000000000                       753466475600000000000000000000       
7560001300007T 0905631000000200644540000024846701011     136877191000000030112023000000000026700756056310                         091000045504143837EMERSON SANTOS DE SANTANA               00000000000000000000003500000000013                 
7560001300008U 090000000000000000000000000000000000000000000000000000000000000000000000000000000000000000000000000000000000000000000000002905202429052024    00000000000000000000000                       753466575600000000000000000000       
7560001300009T 0905631000000200644540000024848101011     138691196300000030112023000000000015000756056310                         091000045433892808GABRIELA LOPES PESTANA                  00000000000000000000003500000000013                 
7560001300010U 090000000000000000000000000000000000000000000000000000000000000000000000000000000000000000000000000000000000000000000000002905202429052024    00000000000000000000000                       753466675600000000000000000000       
7560001300011T 0905631000000200644540000024854601011     134994183800000030112023000000000035000756056310                         091000042637520582JOSE LUCIANO TRANZILLO DOS SANTOS       00000000000000000000003500000000013                 
7560001300012U 090000000000000000000000000000000000000000000000000000000000000000000000000000000000000000000000000000000000000000000000002905202429052024    00000000000000000000000                       753466775600000000000000000000       
7560001300013T 0905631000000200644540000024861801011     138687196200000030112023000000000005500756056310                         091000017796201877TEDDY RALF SOUZA COSTA                  00000000000000000000003500000000013                 
7560001300014U 090000000000000000000000000000000000000000000000000000000000000000000000000000000000000000000000000000000000000000000000002905202429052024    00000000000000000000000                       753466875600000000000000000000       
7560001300015T 0905631000000200644540000024863201011     136144480000000030112023000000000029580756056310                         091000041970584890ANA VITORIA ROLIM FRANCESCHI            00000000000000000000003500000000013                 
7560001300016U 090000000000000000000000000000000000000000000000000000000000000000000000000000000000000000000000000000000000000000000000002905202429052024    00000000000000000000000                       753467075600000000000000000000       
7560001300017T 0905631000000200644540000024868901011     137603113500000030112023000000000026500756056310                         091000001516610733KEYLA CRISTINA CASSARO GUIDONI          00000000000000000000003500000000013                 
7560001300018U 090000000000000000000000000000000000000000000000000000000000000000000000000000000000000000000000000000000000000000000000002905202429052024    00000000000000000000000                       753467175600000000000000000000       
7560001300019T 0905631000000200644540000024869601011     138001435000000030112023000000000032741756056310                         091000041970583819RICARDO FRANCESCHI FILHO                00000000000000000000003500000000013                 
7560001300020U 090000000000000000000000000000000000000000000000000000000000000000000000000000000000000000000000000000000000000000000000002905202429052024    00000000000000000000000                       753467275600000000000000000000       
7560001300021T 0605631000000200644540000026766001011     138393195000000030052024000000000025000341014910                         091000044237668843AMERICO RICARDO COUTINHO DIAS           00000000000000000000003500000000004                 
7560001300022U 060000000000000000000000000000000000000000000000000000000000000000000000250000000000000250000000000000000000000000000000002905202429052024    00000000000000000000000                       753302375600000000000000000000       
7560001300023T 0605631000000200644540000026767801011     139613189600000030052024000000000025440260000010                         091000013037278897NORMA SUELY COUTO SANTANA               00000000000000000000003500000000004                 
7560001300024U 060000000000000000000000000000000000000000000000000000000000000000000000254400000000000254400000000000000000000000000000002905202429052024    00000000000000000000000                       753439975600000000000000000000       
7560001300025T 0605631000000200644540000026778901011     138381194900000030052024000000000025000033039610                         091000045242750880CAMILA CARVALHO BARBOSA NEVES DIAS      00000000000000000000003500000000004                 
7560001300026U 060000000000000000000000000000000000000000000000000000000000000000000000250000000000000250000000000000000000000000000000002905202429052024    00000000000000000000000                       753298075600000000000000000000       
7560001300027T 0605631000000200644540000026792201011     139495128200000030052024000000000040810260000010                         091000041725138832ULISSES TIAGO DO NASCIMENTO FIGUEIREDO G00000000000000000000003500000000004                 
7560001300028U 060000000000000000000000000000000000000000000000000000000000000000000000408100000000000408100000000000000000000000000000002905202429052024    00000000000000000000000                       753342775600000000000000000000       
7560001300029T 0605631000000200644540000026805301011     141415169700000010062024000000000030740341074230                         091000028580799864BRUNO LIGUORI PESCE                     00000000000000000000003500000000004                 
7560001300030U 060000000000000000000000000000000000000000000000000000000000000000000000307400000000000307400000000000000000000000000000002905202429052024    00000000000000000000000                       753307675600000000000000000000       
75600015         00003200001500000000000399173000000000000000000000000000000000000000000000000000000000000000000000                                                                                                                             
75699999         000001000034000000                                                                                                                                                                                                             
