75600000         229492820000120                    05631000000200873060ANEXA IDIOMAS LTDA            SICOOB                                  22309202409024600112908500000                                                                     
75600011T01  043 2029492820000120          563100002405631000000200873060ANEXA IDIOMAS LTDA                                                                                            000000002309202400000000                                 
7560001300001T 0605631000000200873060000027960701011     140593900000000020092024000000000252025341010170                         092060687639000119PLURY QUIMICAS                          00000000000000000000003500000000004                 
7560001300002U 060000000000000000000000000000000000000000000000000000000000000000000002520250000000002520250000000000000000000000000000002009202420092024    00000000000000000000000                       783513075600000000000000000000       
7560001300003T 0605631000000200873060000027999301011     139367129800000020092024000000000017490341005590                         091000014026905845SOLANGE APARECIDA GRANGEIRO DE SOUZA    00000000000000000000003500000000004                 
7560001300004U 060000000000000000000000000000000000000000000000000000000000000000000000174900000000000174900000000000000000000000000000002009202420092024    00000000000000000000000                       783344375600000000000000000000       
7560001300005T 0605631000000200873060000028000801011     141127200000000020092024000000000035200033020620                         091000032243380838NADLA ARAUJO DA SILVA                   00000000000000000000003500000000004                 
7560001300006U 060000000000000000000000000000000000000000000000000000000000000000000000352000000000000352000000000000000000000000000000002009202420092024    00000000000000000000000                       783337975600000000000000000000       
7560001300007T 0605631000000200873060000028002201011     141598171900000020092024000000000022360033047230                         091000020533601860LUCIANA CARVALHO                        00000000000000000000003500000000004                 
7560001300008U 060000000000000000000000000000000000000000000000000000000000000000000000223600000000000223600000000000000000000000000000002009202420092024    00000000000000000000000                       783510075600000000000000000000       
75600015         00001000000400000000000327075000000000000000000000000000000000000000000000000000000000000000000000                                                                                                                             
75699999         000001000012000000                                                                                                                                                                                                             
