75600000         219895217000135                    05631000000200644540IWS CURSOS DE IDIOMAS LTDA    SICOOB                                  20606202409025300133208500000                                                                     
75600011T01  043 2019895217000135          563100002405631000000200644540IWS CURSOS DE IDIOMAS LTDA                                                                                    000000000606202400000000                                 
7560001300001T 0605631000000200644540000026800701011     140488198800000005062024000000000078800033008210                         091000039743835814HUDSON CARDOSO DE OLIVEIRA              00000000000000000000003500000000004                 
7560001300002U 060000000000000000000000000000000000000000000000000000000000000000000000788000000000000788000000000000000000000000000000000506202405062024    00000000000000000000000                       754621275600000000000000000000       
7560001300003T 0605631000000200644540000026816401011     139890181000000005062024000000000021200633000010                         091000029619296877DEBORA DO CARMO ALVES DA SILVA          00000000000000000000003500000000004                 
7560001300004U 060000000000000000000000000000000000000000000000000000000000000000000000212000000000000212000000000000000000000000000000000506202405062024    00000000000000000000000                       754647075600000000000000000000       
7560001300005T 0605631000000200644540000026818901011     139938185000000005062024000000000024380341038090                         091000008563118803SIMONE SOARES ZUANETTI                  00000000000000000000003500000000004                 
7560001300006U 060000000000000000000000000000000000000000000000000000000000000000000000243800000000000243800000000000000000000000000000000506202405062024    00000000000000000000000                       754691975600000000000000000000       
7560001300007T 0605631000000200644540000026821101011     139962185200000005062024000000000021094341038090                         091000008563118803SIMONE SOARES ZUANETTI                  00000000000000000000003500000000004                 
7560001300008U 060000000000000000000000000000000000000000000000000000000000000000000000210940000000000210940000000000000000000000000000000506202405062024    00000000000000000000000                       754535975600000000000000000000       
7560001300009T 0605631000000200644540000026823601011     137010138800000005062024000000000045000104030410                         091000027156202847DEBORA FERREIRA TRINDADE                00000000000000000000003500000000004                 
7560001300010U 060000000000000000000000000000000000000000000000000000000000000000000000450000000000000450000000000000000000000000000000000506202405062024    00000000000000000000000                       754823775600000000000000000000       
7560001300011T 0605631000000200644540000026838601011     140238181900000005062024000000000024804237005930                         091000028597539828ROSANGELA DE LOURDES MENDES             00000000000000000000003500000000004                 
7560001300012U 060000000000000000000000000000000000000000000000000000000000000000000000248040000000000248040000000000000000000000000000000506202405062024    00000000000000000000000                       754612075600000000000000000000       
7560001300013T 0605631000000200644540000026849701011     137346140000000010062024000000000026500341006460                         091000048087608860BIANCA OLIVEIRA SILVA                   00000000000000000000003500000000004                 
7560001300014U 060000000000000000000000000000000000000000000000000000000000000000000000265000000000000265000000000000000000000000000000000506202405062024    00000000000000000000000                       754877775600000000000000000000       
7560001300015T 0605631000000200644540000026851201011     139040840000000005062024000000000023320341062410                         091000015257641879CARLOS ALEXANDRE RIBEIRINHO             00000000000000000000003500000000004                 
7560001300016U 060000000000000000000000000000000000000000000000000000000000000000000000233200000000000233200000000000000000000000000000000506202405062024    00000000000000000000000                       754639075600000000000000000000       
7560001300017T 0605631000000200644540000026853701011     141451694000000005062024000000000038154033017840                         091000036768656856CINTIA DEZASSO QUINI                    00000000000000000000003500000000004                 
7560001300018U 060000000000000000000000000000000000000000000000000000000000000000000000381540000000000381540000000000000000000000000000000506202405062024    00000000000000000000000                       754870475600000000000000000000       
7560001300019T 0605631000000200644540000026856901011     137070153200000005062024000000000035000341062410                         091000015257641879CARLOS ALEXANDRE RIBEIRINHO             00000000000000000000003500000000004                 
7560001300020U 060000000000000000000000000000000000000000000000000000000000000000000000350000000000000350000000000000000000000000000000000506202405062024    00000000000000000000000                       754669175600000000000000000000       
7560001300021T 0605631000000200644540000026942801011     140142391000000015062024000000000014712341031500                         091000032679656830MAURO AUGUSTO LINO DE ARAUJO            00000000000000000000003500000000004                 
7560001300022U 060000000000000000000000000000000000000000000000000000000000000000000000147120000000000147120000000000000000000000000000000506202405062024    00000000000000000000000                       754880975600000000000000000000       
75600015         00002400001100000000000352964000000000000000000000000000000000000000000000000000000000000000000000                                                                                                                             
75699999         000001000026000000                                                                                                                                                                                                             
