75600000         232970660000191                    05631000000200980140EDUULMC CURSOS DE IDIOMAS EIRESICOOB                                  21005202409243300084208500000                                                                     
75600011T01  043 2032970660000191          563100002405631000000200980140EDUULMC CURSOS DE IDIOMAS EIRE                                                                                000000001005202400000000                                 
7560001300001T 0905631000000200980140000024754401011     138162350000000010112023000000000042400756056310                         091000034812499852ALINE DA SILVA NOGUEIRA                 00000000000000000000003500000000013                 
7560001300002U 090000000000000000000000000000000000000000000000000000000000000000000000000000000000000000000000000000000000000000000000000905202409052024    00000000000000000000000                       748469075600000000000000000000       
7560001300003T 0905631000000200980140000024764801011     138444195700000010112023000000000019900756056310                         091000036406378873ALINE JENIFER BIM MONCAO                00000000000000000000003500000000013                 
7560001300004U 090000000000000000000000000000000000000000000000000000000000000000000000000000000000000000000000000000000000000000000000000905202409052024    00000000000000000000000                       748469175600000000000000000000       
7560001300005T 0905631000000200980140000024772701011     136004188500000010112023000000000032000756056310                         091000051130846890REGIANE DE SOUZA SOBRAL                 00000000000000000000003500000000013                 
7560001300006U 090000000000000000000000000000000000000000000000000000000000000000000000000000000000000000000000000000000000000000000000000905202409052024    00000000000000000000000                       748469275600000000000000000000       
7560001300007T 0905631000000200980140000024774101011     137663176300000010112023000000000021200756056310                         091000026504465878KATIA TIBERIO                           00000000000000000000003500000000013                 
7560001300008U 090000000000000000000000000000000000000000000000000000000000000000000000000000000000000000000000000000000000000000000000000905202409052024    00000000000000000000000                       748469375600000000000000000000       
7560001300009T 0605631000000200980140000026633601011     141792203500000010052024000000000021000033009000                         091000014217408854RUTH PEREIRA FILHA SGROIA               00000000000000000000003500000000004                 
7560001300010U 060000000000000000000000000000000000000000000000000000000000000000000000210000000000000210000000000000000000000000000000000905202409052024    00000000000000000000000                       748212975600000000000000000000       
7560001300011T 0605631000000200980140000026644701011     141743203000000010052024000000000044550341038090                         091000011267673877LUCAS DA COSTA                          00000000000000000000003500000000004                 
7560001300012U 060000000000000000000000000000000000000000000000000000000000000000000000445500000000000445500000000000000000000000000000000905202409052024    00000000000000000000000                       748083775600000000000000000000       
7560001300013T 0605631000000200980140000026647901011     141546188300000015052024000000000024062033010360                         091000042672802823NAYARA VIEIRA DA SILVA                  00000000000000000000003500000000004                 
7560001300014U 060000000000000000000000000000000000000000000000000000000000000000000000240620000000000240620000000000000000000000000000000905202409052024    00000000000000000000000                       748213075600000000000000000000       
7560001300015T 0605631000000200980140000026657201011     136801173800000010052024000000000015582001047520                         091000050020255870VITOR ANTUNES PEREIRA                   00000000000000000000003500000000004                 
7560001300016U 060000000000000000000000000000000000000000000000000000000000000000000000155820000000000155820000000000000000000000000000000905202409052024    00000000000000000000000                       748194975600000000000000000000       
75600015         00001800000800000000000220694000000000000000000000000000000000000000000000000000000000000000000000                                                                                                                             
75699999         000001000020000000                                                                                                                                                                                                             
