75600000         229492820000120                    05631000000200873060ANEXA IDIOMAS LTDA            SICOOB                                  22110202409243600114208500000                                                                     
75600011T01  043 2029492820000120          563100002405631000000200873060ANEXA IDIOMAS LTDA                                                                                            000000002110202400000000                                 
7560001300001T 0905631000000200873060000026376401011     141160201000000020042024000000000018800756056310                         091000045097684869LUANA DA SILVA RODRIGUES                00000000000000000000003500000000013                 
7560001300002U 090000000000000000000000000000000000000000000000000000000000000000000000000000000000000000000000000000000000000000000000001810202418102024    00000000000000000000000                       790745475600000000000000000000       
7560001300003T 0905631000000200873060000026382901011     141726202800000020042024000000000052800756056310                         091000043469702810RENAN FERREIRA DIAS                     00000000000000000000003500000000013                 
7560001300004U 090000000000000000000000000000000000000000000000000000000000000000000000000000000000000000000000000000000000000000000000001810202418102024    00000000000000000000000                       790745575600000000000000000000       
7560001300005T 0605631000000200873060000028413001011     141216197000000030102024000000000030000341082550                         091000000879236884RAQUEL DIAS RAMALHO                     00000000000000000000003500000000004                 
7560001300006U 060000000000000000000000000000000000000000000000000000000000000000000000300000000000000300000000000000000000000000000000001810202418102024    00000000000000000000000                       790641075600000000000000000000       
75600015         00000800000300000000000101600000000000000000000000000000000000000000000000000000000000000000000000                                                                                                                             
75699999         000001000010000000                                                                                                                                                                                                             
