75600000         232970660000191                    05631000000200980140EDUULMC CURSOS DE IDIOMAS LTDASICOOB                                  22701202510230300096308500000                                                                     
75600011T01  043 2032970660000191          563100002405631000000200980140EDUULMC CURSOS DE IDIOMAS LTDA                                                                                000000002701202500000000                                 
7560001300001T 0605631000000200980140000029325901011     142307205500000025012025000000000070000237023800                         091000023105369899PABLO ALBERTO ALBANO                    00000000000000000000003500000000004                 
7560001300002U 060000000000000000000000000000000000000000000000000000000000000000000000700000000000000700000000000000000000000000000000002401202524012025    00000000000000000000000                       816172375600000000000000000000       
75600015         00000400000100000000000070000000000000000000000000000000000000000000000000000000000000000000000000                                                                                                                             
75699999         000001000006000000                                                                                                                                                                                                             
