75600000         229492820000120                    05631000000200873060ANEXA IDIOMAS LTDA            SICOOB                                  22910202408234300114608500000                                                                     
75600011T01  043 2029492820000120          563100002405631000000200873060ANEXA IDIOMAS LTDA                                                                                            000000002910202400000000                                 
7560001300001T 0605631000000200873060000028346101011     141931204300000020102024000000000028300033044330                         091000026257486807ELIANA SOUSA DE OLIVEIRA                00000000000000000000003500000000004                 
7560001300002U 060000000000006380000000000000000000000000000000000000000000000000000000289380000000000289380000000000000000000000000000002810202428102024    00000000000000000000000                       792433475600000000000000000000       
7560001300003T 0605631000000200873060000028501401011     141919204200000010112024000000000022880341073860                         091000041101415835CAROLINE BRITO DE DEUS OLIVEIRA         00000000000000000000003500000000004                 
7560001300004U 060000000000000000000000000000000000000000000000000000000000000000000000228800000000000228800000000000000000000000000000002810202428102024    00000000000000000000000                       792417475600000000000000000000       
75600015         00000600000200000000000051180000000000000000000000000000000000000000000000000000000000000000000000                                                                                                                             
75699999         000001000008000000                                                                                                                                                                                                             
