75600000         232970660000191                    05631000000200980140EDUULMC CURSOS DE IDIOMAS LTDASICOOB                                  21911202409012000093108500000                                                                     
75600011T01  043 2032970660000191          563100002405631000000200980140EDUULMC CURSOS DE IDIOMAS LTDA                                                                                000000001911202400000000                                 
7560001300001T 0905631000000200980140000026717001011     137585154600000020052024000000000025652756056310                         091000052300786850LUIS ROBERTO OLIVEIRA                   00000000000000000000003500000000013                 
7560001300002U 090000000000000000000000000000000000000000000000000000000000000000000000000000000000000000000000000000000000000000000000001811202418112024    00000000000000000000000                       798416575600000000000000000000       
7560001300003T 0905631000000200980140000026731301011     138474180400000020052024000000000071232756056310                         091000027111775805CARLOS JOSE  FERREIRA DA COSTA          00000000000000000000003500000000013                 
7560001300004U 090000000000000000000000000000000000000000000000000000000000000000000000000000000000000000000000000000000000000000000000001811202418112024    00000000000000000000000                       798416775600000000000000000000       
7560001300005T 0905631000000200980140000026732001011     139087158400000020052024000000000023203756056310                         091000043877622844DANIELLE AQUINO GASPAR                  00000000000000000000003500000000013                 
7560001300006U 090000000000000000000000000000000000000000000000000000000000000000000000000000000000000000000000000000000000000000000000001811202418112024    00000000000000000000000                       798416975600000000000000000000       
7560001300007T 0905631000000200980140000026733801011     136985175600000020052024000000000023320756056310                         091000043947232802FELLIPE FONSECA                         00000000000000000000003500000000013                 
7560001300008U 090000000000000000000000000000000000000000000000000000000000000000000000000000000000000000000000000000000000000000000000001811202418112024    00000000000000000000000                       798417175600000000000000000000       
7560001300009T 0905631000000200980140000026736001011     139219293000000020052024000000000065296756056310                         091000003696482854NADIR FRANCISCO DO AMARAL               00000000000000000000003500000000013                 
7560001300010U 090000000000000000000000000000000000000000000000000000000000000000000000000000000000000000000000000000000000000000000000001811202418112024    00000000000000000000000                       798417375600000000000000000000       
7560001300011T 0905631000000200980140000026737701011     137585154600000020052024000000000025652756056310                         091000052300786850LUIS ROBERTO OLIVEIRA                   00000000000000000000003500000000013                 
7560001300012U 090000000000000000000000000000000000000000000000000000000000000000000000000000000000000000000000000000000000000000000000001811202418112024    00000000000000000000000                       798417575600000000000000000000       
7560001300013T 0605631000000200980140000028620901011     144298213400000015112024000000000028320341084040                         091000036630642805VITOR SANT ANNA MOREIRA                 00000000000000000000003500000000004                 
7560001300014U 060000000000000000000000000000000000000000000000000000000000000000000000283200000000000283200000000000000000000000000000001811202418112024    00000000000000000000000                       797894375600000000000000000000       
7560001300015T 0605631000000200980140000028621601011     144322213400000016112024000000000005000341084040                         091000036630642805VITOR SANT ANNA MOREIRA                 00000000000000000000003500000000004                 
7560001300016U 060000000000000000000000000000000000000000000000000000000000000000000000050000000000000050000000000000000000000000000000001811202418112024    00000000000000000000000                       798186475600000000000000000000       
75600015         00001800000800000000000267675000000000000000000000000000000000000000000000000000000000000000000000                                                                                                                             
75699999         000001000020000000                                                                                                                                                                                                             
