75600000         232970660000191                    05631000000200980140EDUULMC CURSOS DE IDIOMAS LTDASICOOB                                  21601202509214400095908500000                                                                     
75600011T01  043 2032970660000191          563100002405631000000200980140EDUULMC CURSOS DE IDIOMAS LTDA                                                                                000000001601202500000000                                 
7560001300001T 0605631000000200980140000029211401011     144300213400000015012025000000000028320033029750                         091000036630642805VITOR SANT ANNA MOREIRA                 00000000000000000000003500000000004                 
7560001300002U 060000000000000000000000000000000000000000000000000000000000000000000000283200000000000283200000000000000000000000000000001501202515012025    00000000000000000000000                       813956375600000000000000000000       
75600015         00000400000100000000000028320000000000000000000000000000000000000000000000000000000000000000000000                                                                                                                             
75699999         000001000006000000                                                                                                                                                                                                             
