75600000         229492820000120                    05631000000200873060ANEXA IDIOMAS LTDA            SICOOB                                  21007202409030400109008500000                                                                     
75600011T01  043 2029492820000120          563100002405631000000200873060ANEXA IDIOMAS LTDA                                                                                            000000001007202400000000                                 
7560001300001T 0905631000000200873060000025291401011     136064189200000010012024000000000017900756056310                         091000026577600821ANA PAULA PEREIRA DA SILVA              00000000000000000000003500000000013                 
7560001300002U 090000000000000000000000000000000000000000000000000000000000000000000000000000000000000000000000000000000000000000000000000907202409072024    00000000000000000000000                       763894975600000000000000000000       
7560001300003T 0905631000000200873060000025298501011     138734172900000010012024000000000005500756056310                         091000022128641837CELIA MATOS SILVA                       00000000000000000000003500000000013                 
7560001300004U 090000000000000000000000000000000000000000000000000000000000000000000000000000000000000000000000000000000000000000000000000907202409072024    00000000000000000000000                       763895075600000000000000000000       
7560001300005T 0905631000000200873060000025301301011     134273166800000010012024000000000019140756056310                         091000028041743870TATIANE BRUNHARO                        00000000000000000000003500000000013                 
7560001300006U 090000000000000000000000000000000000000000000000000000000000000000000000000000000000000000000000000000000000000000000000000907202409072024    00000000000000000000000                       763895175600000000000000000000       
7560001300007T 0905631000000200873060000025303801011     134310133200000010012024000000000024200756056310                         091000037261643831GABRIELA RAMOS DOS SANTOS               00000000000000000000003500000000013                 
7560001300008U 090000000000000000000000000000000000000000000000000000000000000000000000000000000000000000000000000000000000000000000000000907202409072024    00000000000000000000000                       763895275600000000000000000000       
7560001300009T 0905631000000200873060000025314901011     138260144800000010012024000000000029150756056310                         091000096218444600PATRICIA ALEXANDRINA DA SILVA MORAIS    00000000000000000000003500000000013                 
7560001300010U 090000000000000000000000000000000000000000000000000000000000000000000000000000000000000000000000000000000000000000000000000907202409072024    00000000000000000000000                       763895375600000000000000000000       
7560001300011T 0905631000000200873060000025315601011     135505184800000010012024000000000026700756056310                         091000016158461822SERGIO APARECIDO DE BARROS SILVA        00000000000000000000003500000000013                 
7560001300012U 090000000000000000000000000000000000000000000000000000000000000000000000000000000000000000000000000000000000000000000000000907202409072024    00000000000000000000000                       763895475600000000000000000000       
7560001300013T 0905631000000200873060000025317001011     135875187800000010012024000000000031620756056310                         091000042915794898MAYARA LUCAS DE OLIVEIRA DUCA           00000000000000000000003500000000013                 
7560001300014U 090000000000000000000000000000000000000000000000000000000000000000000000000000000000000000000000000000000000000000000000000907202409072024    00000000000000000000000                       763895575600000000000000000000       
7560001300015T 0905631000000200873060000025318801011     134538130900000010012024000000000030195756056310                         091000016783525864DOMINIQUE ANTONIA COSTA                 00000000000000000000003500000000013                 
7560001300016U 090000000000000000000000000000000000000000000000000000000000000000000000000000000000000000000000000000000000000000000000000907202409072024    00000000000000000000000                       763895675600000000000000000000       
7560001300017T 0905631000000200873060000025321001011     136867190900000010012024000000000017800756056310                         091000042658157827SABRINA ARILAINE SOUZA OLIVEIRA         00000000000000000000003500000000013                 
7560001300018U 090000000000000000000000000000000000000000000000000000000000000000000000000000000000000000000000000000000000000000000000000907202409072024    00000000000000000000000                       763895775600000000000000000000       
7560001300019T 0905631000000200873060000025322801011     134633166700000010012024000000000019404756056310                         091000028041743870TATIANE BRUNHARO                        00000000000000000000003500000000013                 
7560001300020U 090000000000000000000000000000000000000000000000000000000000000000000000000000000000000000000000000000000000000000000000000907202409072024    00000000000000000000000                       763895875600000000000000000000       
7560001300021T 0905631000000200873060000025323501011     135358123200000010012024000000000020871756056310                         091000012980636800ALEXANDRO SOARES                        00000000000000000000003500000000013                 
7560001300022U 090000000000000000000000000000000000000000000000000000000000000000000000000000000000000000000000000000000000000000000000000907202409072024    00000000000000000000000                       763895975600000000000000000000       
75600015         00002400001100000000000242480000000000000000000000000000000000000000000000000000000000000000000000                                                                                                                             
75699999         000001000026000000                                                                                                                                                                                                             
