75600000         232970660000191                    05631000000200980140EDUULMC CURSOS DE IDIOMAS LTDASICOOB                                  22106202409031000086108500000                                                                     
75600011T01  043 2032970660000191          563100002405631000000200980140EDUULMC CURSOS DE IDIOMAS LTDA                                                                                000000002106202400000000                                 
7560001300001T 0605631000000200980140000027063501011     138475180400000020062024000000000071232341070550                         091000027111775805CARLOS JOSE  FERREIRA DA COSTA          00000000000000000000003500000000004                 
7560001300002U 060000000000000000000000000000000000000000000000000000000000000000000000712320000000000712320000000000000000000000000000002006202420062024    00000000000000000000000                       759351575600000000000000000000       
7560001300003T 0605631000000200980140000027065001011     136986175600000020062024000000000023320001001630                         091000043947232802FELLIPE FONSECA                         00000000000000000000003500000000004                 
7560001300004U 060000000000000000000000000000000000000000000000000000000000000000000000233200000000000233200000000000000000000000000000002006202420062024    00000000000000000000000                       759310875600000000000000000000       
7560001300005T 0605631000000200980140000027072101011     137996156200000020062024000000000033231033001120                         091000026127394830PATRICIA PELEGRINI MEDINA JORGE         00000000000000000000003500000000004                 
7560001300006U 060000000000000000000000000000000000000000000000000000000000000000000000332310000000000332310000000000000000000000000000002006202420062024    00000000000000000000000                       759335975600000000000000000000       
7560001300007T 0605631000000200980140000027073901011     141174201100000020062024000000000065500237012310                         091000028341411857TATIANA CRISTINA CARNEIRO VITORIANO     00000000000000000000003500000000004                 
7560001300008U 060000000000000000000000000000000000000000000000000000000000000000000000655000000000000655000000000000000000000000000000002006202420062024    00000000000000000000000                       759329975600000000000000000000       
75600015         00001000000400000000000193283000000000000000000000000000000000000000000000000000000000000000000000                                                                                                                             
75699999         000001000012000000                                                                                                                                                                                                             
