75600000         229492820000120                    05631000000200873060ANEXA IDIOMAS LTDA            SICOOB                                  21608202408413400110908500000                                                                     
75600011T01  043 2029492820000120          563100002405631000000200873060ANEXA IDIOMAS LTDA                                                                                            000000001608202400000000                                 
7560001300001T 0905631000000200873060000025587001011     138459832000000016022024000000000072758756056310                         091000017042999851AURORA CRISTINA DOMINGOS                00000000000000000000003500000000013                 
7560001300002U 090000000000000000000000000000000000000000000000000000000000000000000000000000000000000000000000000000000000000000000000001508202415082024    00000000000000000000000                       774001775600000000000000000000       
7560001300003T 0605631000000200873060000027586001011     142601154700000015082024000000000029150033002680                         091000016136232839VALDIRENE CORREIA DE LIMA PEREIRA       00000000000000000000003500000000004                 
7560001300004U 060000000000000000000000000000000000000000000000000000000000000000000000291500000000000291500000000000000000000000000000001508202415082024    00000000000000000000000                       773859775600000000000000000000       
7560001300005T 0605631000000200873060000027587801011     139676133600000015082024000000000015741237011930                         091000034193427803EDVANIA SILVA PEREIRA                   00000000000000000000003500000000004                 
7560001300006U 060000000000000000000000000000000000000000000000000000000000000000000000157410000000000157410000000000000000000000000000001508202415082024    00000000000000000000000                       774072175600000000000000000000       
7560001300007T 0605631000000200873060000027589201011     142930207000000015082024000000000029920260000010                         091000039327875877DJALMA DUCA DE AMORIM JUNIOR            00000000000000000000003500000000004                 
7560001300008U 060000000000000000000000000000000000000000000000000000000000000000000000299200000000000299200000000000000000000000000000001508202415082024    00000000000000000000000                       774001675600000000000000000000       
7560001300009T 0605631000000200873060000027596401011     142817177300000015082024000000000022360033015720                         091000028030189850ANDREIA CRISTINA SIGNER                 00000000000000000000003500000000004                 
7560001300010U 060000000000000000000000000000000000000000000000000000000000000000000000223600000000000223600000000000000000000000000000001508202415082024    00000000000000000000000                       773860275600000000000000000000       
7560001300011T 0605631000000200873060000027599601011     140156187800000015082024000000000030165341063150                         091000042915794898MAYARA LUCAS DE OLIVEIRA DUCA           00000000000000000000003500000000004                 
7560001300012U 060000000000000000000000000000000000000000000000000000000000000000000000301650000000000301650000000000000000000000000000001508202415082024    00000000000000000000000                       773876175600000000000000000000       
75600015         00001400000600000000000200094000000000000000000000000000000000000000000000000000000000000000000000                                                                                                                             
75699999         000001000016000000                                                                                                                                                                                                             
