75600000         229492820000120                    05631000000200873060ANEXA IDIOMAS LTDA            SICOOB                                  21609202408031000112608500000                                                                     
75600011T01  043 2029492820000120          563100002405631000000200873060ANEXA IDIOMAS LTDA                                                                                            000000001609202400000000                                 
7560001300001T 0905631000000200873060000025951201011     138460832000000016032024000000000072758756056310                         091000017042999851AURORA CRISTINA DOMINGOS                00000000000000000000003500000000013                 
7560001300002U 090000000000000000000000000000000000000000000000000000000000000000000000000000000000000000000000000000000000000000000000001309202413092024    00000000000000000000000                       781760575600000000000000000000       
7560001300003T 0605631000000200873060000027887301011     142602154700000015092024000000000029150033002680                         091000016136232839VALDIRENE CORREIA DE LIMA PEREIRA       00000000000000000000003500000000004                 
7560001300004U 060000000000000000000000000000000000000000000000000000000000000000000000291500000000000291500000000000000000000000000000001309202413092024    00000000000000000000000                       781656675600000000000000000000       
7560001300005T 0605631000000200873060000027917001011     140157187800000015092024000000000030165341063150                         091000042915794898MAYARA LUCAS DE OLIVEIRA DUCA           00000000000000000000003500000000004                 
7560001300006U 060000000000000000000000000000000000000000000000000000000000000000000000301650000000000301650000000000000000000000000000001309202413092024    00000000000000000000000                       781669975600000000000000000000       
75600015         00000800000300000000000132073000000000000000000000000000000000000000000000000000000000000000000000                                                                                                                             
75699999         000001000010000000                                                                                                                                                                                                             
