75600000         229492820000120                    05631000000200873060ANEXA IDIOMAS LTDA            SICOOB                                  22312202419573200117408500000                                                                     
75600011T01  043 2029492820000120          563100002405631000000200873060ANEXA IDIOMAS LTDA                                                                                            000000002312202400000000                                 
7560001300001T 0605631000000200873060000028865001011     140596900000000020122024000000000218818341010170                         092060687639000119PLURY QUIMICAS                          00000000000000000000003500000000004                 
7560001300002U 060000000000000000000000000000000000000000000000000000000000000000000002188180000000002188180000000000000000000000000000002012202420122024    00000000000000000000000                       807511775600000000000000000000       
7560001300003T 0605631000000200873060000028970001011     139118186700000020122024000000000028970341071660                         091000032654262898DIEGO CESAR DE PAULA                    00000000000000000000000000000000004                 
7560001300004U 060000000000006090000000000000000000000000000000000000000000000000000000295790000000000295790000000000000000000000000000002312202423122024    00000000000000000000000                       807900375600000000000000000000       
7560001300005T 0605631000000200873060000028990701011     139394130700000025122024000000000023203623000010                         091000014930017874MARCOS DONIZETE DOS SANTOS              00000000000000000000003500000000004                 
7560001300006U 060000000000000000000000000000000000000000000000000000000000000000000000232030000000000232030000000000000000000000000000002012202420122024    00000000000000000000000                       807618375600000000000000000000       
7560001300007T 0605631000000200873060000028994601011     141130200000000020122024000000000035200033020620                         091000032243380838NADLA ARAUJO DA SILVA                   00000000000000000000003500000000004                 
7560001300008U 060000000000000000000000000000000000000000000000000000000000000000000000352000000000000352000000000000000000000000000000002012202420122024    00000000000000000000000                       807503575600000000000000000000       
7560001300009T 0605631000000200873060000028999201011     140280133700000025122024000000000017490237011930                         091000034193427803EDVANIA SILVA PEREIRA                   00000000000000000000000000000000004                 
7560001300010U 060000000000000000000000000000000000000000000000000000000000000000000000174900000000000174900000000000000000000000000000002312202423122024    00000000000000000000000                       807864375600000000000000000000       
7560001300011T 0605631000000200873060000029000701011     141601171900000020122024000000000022360033047230                         091000020533601860LUCIANA CARVALHO                        00000000000000000000003500000000004                 
7560001300012U 060000000000000000000000000000000000000000000000000000000000000000000000223600000000000223600000000000000000000000000000002012202420122024    00000000000000000000000                       807507875600000000000000000000       
75600015         00001400000600000000000346041000000000000000000000000000000000000000000000000000000000000000000000                                                                                                                             
75699999         000001000016000000                                                                                                                                                                                                             
