75600000         219895217000135                    05631000000200644540IWS CURSOS DE IDIOMAS LTDA    SICOOB                                  23101202509214300147508500000                                                                     
75600011T01  043 2019895217000135          563100002405631000000200644540IWS CURSOS DE IDIOMAS LTDA                                                                                    000000003101202500000000                                 
7560001300001T 0605631000000200644540000029295201011     142974207200000030012025000000000034320341051410                         091000010402298918LUIGI SILVA FILIPPETTO                  00000000000000000000003500000000004                 
7560001300002U 060000000000000000000000000000000000000000000000000000000000000000000000343200000000000343200000000000000000000000000000003001202530012025    00000000000000000000000                       817484575600000000000000000000       
7560001300003T 0605631000000200644540000029306901011     142093323000000030012025000000000025872341008660                         091000004471029908LEANDRO AUGUSTO CALIXTO                 00000000000000000000003500000000004                 
7560001300004U 060000000000000000000000000000000000000000000000000000000000000000000000258720000000000258720000000000000000000000000000003001202530012025    00000000000000000000000                       817376575600000000000000000000       
7560001300005T 0605631000000200644540000029307601011     143249389000000030012025000000000204016033021460                         091000011588248828MAURICIO MARTINELLI SILVA LUPERI        00000000000000000000003500000000004                 
7560001300006U 060000000000000000000000000000000000000000000000000000000000000000000002040160000000002040160000000000000000000000000000003001202530012025    00000000000000000000000                       817369975600000000000000000000       
75600015         00000800000300000000000264208000000000000000000000000000000000000000000000000000000000000000000000                                                                                                                             
75699999         000001000010000000                                                                                                                                                                                                             
