75600000         232970660000191                    05631000000200980140EDUULMC CURSOS DE IDIOMAS LTDASICOOB                                  21811202408423400093008500000                                                                     
75600011T01  043 2032970660000191          563100002405631000000200980140EDUULMC CURSOS DE IDIOMAS LTDA                                                                                000000001811202400000000                                 
7560001300001T 0605631000000200980140000028662801011     144310214000000020112024000000000045012341031460                         091000035766868863FELIPE ALVES DE SOUSA                   00000000000000000000003500000000004                 
7560001300002U 060000000000000000000000000000000000000000000000000000000000000000000000450120000000000450120000000000000000000000000000001411202414112024    00000000000000000000000                       797385575600000000000000000000       
75600015         00000400000100000000000045012000000000000000000000000000000000000000000000000000000000000000000000                                                                                                                             
75699999         000001000006000000                                                                                                                                                                                                             
