75600000         232970660000191                    05631000000200980140EDUULMC CURSOS DE IDIOMAS LTDASICOOB                                  21706202409011500085908500000                                                                     
75600011T01  043 2032970660000191          563100002405631000000200980140EDUULMC CURSOS DE IDIOMAS LTDA                                                                                000000001706202400000000                                 
7560001300001T 0605631000000200980140000026742401011     138204144900000025052024000000000066441341029610                         091000047364370811BARBARA PINTO PEINADOR GARCIA           00000000000000000000003500000000004                 
7560001300002U 060000000000017690000000000000000000000000000000000000000000000000000000682100000000000682100000000000000000000000000000001406202414062024    00000000000000000000000                       757831375600000000000000000000       
7560001300003T 0605631000000200980140000026988601011     141306201800000015062024000000000035200260000010                         091000034347989865THAMIRES CARDOSO DE LOURENCO            00000000000000000000003500000000004                 
7560001300004U 060000000000000000000000000000000000000000000000000000000000000000000000352000000000000352000000000000000000000000000000001406202414062024    00000000000000000000000                       757918475600000000000000000000       
75600015         00000600000200000000000101641000000000000000000000000000000000000000000000000000000000000000000000                                                                                                                             
75699999         000001000008000000                                                                                                                                                                                                             
