75600000         232970660000191                    05631000000200980140EDUULMC CURSOS DE IDIOMAS LTDASICOOB                                  21709202408240700090408500000                                                                     
75600011T01  043 2032970660000191          563100002405631000000200980140EDUULMC CURSOS DE IDIOMAS LTDA                                                                                000000001709202400000000                                 
7560001300001T 0605631000000200980140000027946601011     141309201800000015092024000000000035200260000010                         091000034347989865THAMIRES CARDOSO DE LOURENCO            00000000000000000000003500000000004                 
7560001300002U 060000000000000000000000000000000000000000000000000000000000000000000000352000000000000352000000000000000000000000000000001609202416092024    00000000000000000000000                       782414075600000000000000000000       
7560001300003T 0605631000000200980140000028005701011     140664166300000020092024000000000025000341050810                         091000029424248857ELIEZER QUEIROZ JUNIOR                  00000000000000000000003500000000004                 
7560001300004U 060000000000000000000000000000000000000000000000000000000000000000000000250000000000000250000000000000000000000000000000001609202416092024    00000000000000000000000                       782254375600000000000000000000       
75600015         00000600000200000000000060200000000000000000000000000000000000000000000000000000000000000000000000                                                                                                                             
75699999         000001000008000000                                                                                                                                                                                                             
