75600000         232970660000191                    05631000000200980140EDUULMC CURSOS DE IDIOMAS LTDASICOOB                                  21112202409010900094108500000                                                                     
75600011T01  043 2032970660000191          563100002405631000000200980140EDUULMC CURSOS DE IDIOMAS LTDA                                                                                000000001112202400000000                                 
7560001300001T 0605631000000200980140000028842401011     142008152300000010122024000000000043259341040530                         091000017533829808CLEBER ANTONIO CHINELATO                00000000000000000000003500000000004                 
7560001300002U 060000000000000000000000000000000000000000000000000000000000000000000000432590000000000432590000000000000000000000000000001012202410122024    00000000000000000000000                       804223275600000000000000000000       
7560001300003T 0605631000000200980140000028848801011     143534209400000010122024000000000025472260000010                         091000054077099889JULIA ALMEIDA REIS                      00000000000000000000003500000000004                 
7560001300004U 060000000000000000000000000000000000000000000000000000000000000000000000254720000000000254720000000000000000000000000000001012202410122024    00000000000000000000000                       804558675600000000000000000000       
7560001300005T 0605631000000200980140000028852801011     140847423000000010122024000000000028427341013040                         091000011279917792PETRIC RIOS BASTOS                      00000000000000000000003500000000004                 
7560001300006U 060000000000000000000000000000000000000000000000000000000000000000000000284270000000000284270000000000000000000000000000001012202410122024    00000000000000000000000                       804750075600000000000000000000       
7560001300007T 0605631000000200980140000028854201011     141663202400000010122024000000000032000033022710                         091000008992109610SUELY GONCALVES DA SILVA                00000000000000000000003500000000004                 
7560001300008U 060000000000000000000000000000000000000000000000000000000000000000000000320000000000000320000000000000000000000000000000001012202410122024    00000000000000000000000                       804345875600000000000000000000       
75600015         00001000000400000000000129158000000000000000000000000000000000000000000000000000000000000000000000                                                                                                                             
75699999         000001000012000000                                                                                                                                                                                                             
