75600000         219895217000135                    05631000000200644540IWS CURSOS DE IDIOMAS LTDA    SICOOB                                  22708202408424600137908500000                                                                     
75600011T01  043 2019895217000135          563100002405631000000200644540IWS CURSOS DE IDIOMAS LTDA                                                                                    000000002708202400000000                                 
7560001300001T 0905631000000200644540000025664501011     139072188400000025022024000000000043460756056310                         091000033081822890DANIEL RIBEIRO NOGUEIRA PORTO           00000000000000000000003500000000013                 
7560001300002U 090000000000000000000000000000000000000000000000000000000000000000000000000000000000000000000000000000000000000000000000002608202426082024    00000000000000000000000                       776288975600000000000000000000       
7560001300003T 0905631000000200644540000025674901011     137829540000000025022024000000000058300756056310                         091000017832301856ANDREIA JOSE PEREIRA DO NASCIMENTO      00000000000000000000003500000000013                 
7560001300004U 090000000000000000000000000000000000000000000000000000000000000000000000000000000000000000000000000000000000000000000000002608202426082024    00000000000000000000000                       776289075600000000000000000000       
7560001300005T 0905631000000200644540000025711701011     136537190500000025022024000000000018000756056310                         091000027567853850CRISTIANE DORNAS PANHOTTA ARAUJO        00000000000000000000003500000000013                 
7560001300006U 090000000000000000000000000000000000000000000000000000000000000000000000000000000000000000000000000000000000000000000000002608202426082024    00000000000000000000000                       776289175600000000000000000000       
7560001300007T 0605631000000200644540000027689701011     141876942000000025082024000000000065000341040990                         091000015450028865ELISABETE JOIA MINELLI CAMPOS           00000000000000000000003500000000004                 
7560001300008U 060000000000000000000000000000000000000000000000000000000000000000000000650000000000000650000000000000000000000000000000002608202426082024    00000000000000000000000                       776086375600000000000000000000       
7560001300009T 0605631000000200644540000027690501011     138501180300000025082024000000000078864341059550                         091000035707793860FRANCINE RAMONEDA NUNES DOS SANTOS      00000000000000000000003500000000004                 
7560001300010U 060000000000000000000000000000000000000000000000000000000000000000000000788640000000000788640000000000000000000000000000002608202426082024    00000000000000000000000                       776516275600000000000000000000       
7560001300011T 0605631000000200644540000027703601011     139450125900000025082024000000000037100341070660                         091000041028268823RODRIGO SANTIEGO DA SILVA               00000000000000000000003500000000004                 
7560001300012U 060000000000000000000000000000000000000000000000000000000000000000000000371000000000000371000000000000000000000000000000002608202426082024    00000000000000000000000                       776519175600000000000000000000       
7560001300013T 0605631000000200644540000027704301011     142254205200000025082024000000000015000077000010                         091000051428027807SOPHIA REIS MAIA                        00000000000000000000003500000000004                 
7560001300014U 060000000000000000000000000000000000000000000000000000000000000000000000150000000000000150000000000000000000000000000000002608202426082024    00000000000000000000000                       775998875600000000000000000000       
7560001300015T 0605631000000200644540000027796001011     143832210900000030082024000000000023000033010360                         091000029447536816JANAINE CIRILA SILVA                    00000000000000000000003500000000004                 
7560001300016U 060000000000000000000000000000000000000000000000000000000000000000000000230000000000000230000000000000000000000000000000002608202426082024    00000000000000000000000                       776495375600000000000000000000       
7560001300017T 0605631000000200644540000027797801011     143833210900000030082024000000000014000033010360                         091000029447536816JANAINE CIRILA SILVA                    00000000000000000000003500000000004                 
7560001300018U 060000000000000000000000000000000000000000000000000000000000000000000000140000000000000140000000000000000000000000000000002608202426082024    00000000000000000000000                       776432875600000000000000000000       
75600015         00002000000900000000000352724000000000000000000000000000000000000000000000000000000000000000000000                                                                                                                             
75699999         000001000022000000                                                                                                                                                                                                             
