75600000         232970660000191                    05631000000200980140EDUULMC CURSOS DE IDIOMAS LTDASICOOB                                  22611202409235000093408500000                                                                     
75600011T01  043 2032970660000191          563100002405631000000200980140EDUULMC CURSOS DE IDIOMAS LTDA                                                                                000000002611202400000000                                 
7560001300001T 0905631000000200980140000026738401011     140081137400000028052024000000000040810756056310                         091000028686773800RENATO MONTEFUSCO                       00000000000000000000003500000000013                 
7560001300002U 090000000000000000000000000000000000000000000000000000000000000000000000000000000000000000000000000000000000000000000000002511202425112024    00000000000000000000000                       799824075600000000000000000000       
7560001300003T 0905631000000200980140000026740001011     140201184100000028052024000000000024057756056310                         091000043322125840PIETRA MARTINS DA SILVA                 00000000000000000000003500000000013                 
7560001300004U 090000000000000000000000000000000000000000000000000000000000000000000000000000000000000000000000000000000000000000000000002511202425112024    00000000000000000000000                       799824175600000000000000000000       
7560001300005T 0905631000000200980140000026747001011     140201184100000028052024000000000024057756056310                         091000043322125840PIETRA MARTINS DA SILVA                 00000000000000000000003500000000013                 
7560001300006U 090000000000000000000000000000000000000000000000000000000000000000000000000000000000000000000000000000000000000000000000002511202425112024    00000000000000000000000                       799824275600000000000000000000       
7560001300007T 0905631000000200980140000026748801011     141831184100000028052024000000000005000756056310                         091000043322125840PIETRA MARTINS DA SILVA                 00000000000000000000003500000000013                 
7560001300008U 090000000000000000000000000000000000000000000000000000000000000000000000000000000000000000000000000000000000000000000000002511202425112024    00000000000000000000000                       799824375600000000000000000000       
7560001300009T 0905631000000200980140000026756701011     142516184100000028052024000000000005000756056310                         091000043322125840PIETRA MARTINS DA SILVA                 00000000000000000000003500000000013                 
7560001300010U 090000000000000000000000000000000000000000000000000000000000000000000000000000000000000000000000000000000000000000000000002511202425112024    00000000000000000000000                       799824475600000000000000000000       
7560001300011T 0605631000000200980140000028729601011     142305205500000025112024000000000070000237023800                         091000023105369899PABLO ALBERTO ALBANO                    00000000000000000000003500000000004                 
7560001300012U 060000000000000000000000000000000000000000000000000000000000000000000000700000000000000700000000000000000000000000000000002511202425112024    00000000000000000000000                       799525075600000000000000000000       
7560001300013T 0605631000000200980140000028730401011     139201149800000025112024000000000029150237001220                         091000027893285877ANA PAULA HAMMERMEISTER GIMENES         00000000000000000000003500000000004                 
7560001300014U 060000000000000000000000000000000000000000000000000000000000000000000000291500000000000291500000000000000000000000000000002511202425112024    00000000000000000000000                       799763475600000000000000000000       
7560001300015T 0605631000000200980140000028735001011     144056211800000025112024000000000028302260000010                         091000022651413801RAQUEL VIEIRA FONTES                    00000000000000000000003500000000004                 
7560001300016U 060000000000000000000000000000000000000000000000000000000000000000000000283020000000000283020000000000000000000000000000002511202425112024    00000000000000000000000                       799630575600000000000000000000       
7560001300017T 0605631000000200980140000028736801011     144068211800000025112024000000000003000260000010                         091000022651413801RAQUEL VIEIRA FONTES                    00000000000000000000003500000000004                 
7560001300018U 060000000000000000000000000000000000000000000000000000000000000000000000030000000000000030000000000000000000000000000000002511202425112024    00000000000000000000000                       799632875600000000000000000000       
75600015         00002000000900000000000229376000000000000000000000000000000000000000000000000000000000000000000000                                                                                                                             
75699999         000001000022000000                                                                                                                                                                                                             
