75600000         229492820000120                    05631000000200873060ANEXA IDIOMAS LTDA            SICOOB                                  20110202409220500113108500000                                                                     
75600011T01  043 2029492820000120          563100002405631000000200873060ANEXA IDIOMAS LTDA                                                                                            000000000110202400000000                                 
7560001300001T 0905631000000200873060000026108001011     139265186000000031032024000000000028970756056310                         091000032827595842JONATHAN ARAUJO DE SOUZA                00000000000000000000003500000000013                 
7560001300002U 090000000000000000000000000000000000000000000000000000000000000000000000000000000000000000000000000000000000000000000000003009202430092024    00000000000000000000000                       785460775600000000000000000000       
7560001300003T 0905631000000200873060000026219201011     141330202000000001042024000000000035200756056310                         091000022399553845LEANDRO CANESIM                         00000000000000000000003500000000013                 
7560001300004U 090000000000000000000000000000000000000000000000000000000000000000000000000000000000000000000000000000000000000000000000003009202430092024    00000000000000000000000                       785236475600000000000000000000       
7560001300005T 0605631000000200873060000027995401011     141930204300000020092024000000000028300033044330                         091000026257486807ELIANA SOUSA DE OLIVEIRA                00000000000000000000003500000000004                 
7560001300006U 060000000000006560000000000000000000000000000000000000000000000000000000289560000000000289560000000000000000000000000000003009202430092024    00000000000000000000000                       785319275600000000000000000000       
7560001300007T 0605631000000200873060000028057701011     140394197200000001102024000000000048000341037970                         091000034063550800ADRIANO CARNEVALI FERRO                 00000000000000000000003500000000004                 
7560001300008U 060000000000000000000000000000000000000000000000000000000000000000000000480000000000000480000000000000000000000000000000003009202430092024    00000000000000000000000                       785110075600000000000000000000       
7560001300009T 0605631000000200873060000028058401011     140342197300000001102024000000000017900341037970                         091000034063550800ADRIANO CARNEVALI FERRO                 00000000000000000000003500000000004                 
7560001300010U 060000000000000000000000000000000000000000000000000000000000000000000000179000000000000179000000000000000000000000000000003009202430092024    00000000000000000000000                       785143075600000000000000000000       
7560001300011T 0605631000000200873060000028060001011     140515959000000030092024000000000022200341026270                         091000028354882861JOAO PAULO MORGUETO                     00000000000000000000003500000000004                 
7560001300012U 060000000000000000000000000000000000000000000000000000000000000000000000222000000000000222000000000000000000000000000000003009202430092024    00000000000000000000000                       785327675600000000000000000000       
7560001300013T 0605631000000200873060000028063101011     142527206300000030092024000000000028300033022710                         091000044608181831LUANA HELENA BOM FARIAS                 00000000000000000000003500000000004                 
7560001300014U 060000000000000000000000000000000000000000000000000000000000000000000000283000000000000283000000000000000000000000000000003009202430092024    00000000000000000000000                       785313875600000000000000000000       
7560001300015T 0605631000000200873060000028068801011     140555199500000030092024000000000035200341049030                         091000052635208832VICTOR GASPARINO BARBOSA                00000000000000000000003500000000004                 
7560001300016U 060000000000000000000000000000000000000000000000000000000000000000000000352000000000000352000000000000000000000000000000003009202430092024    00000000000000000000000                       785111575600000000000000000000       
7560001300017T 0605631000000200873060000028191001011     139320162200000010102024000000000029733341069060                         091000036877483839LARISSA BARBOZA                         00000000000000000000003500000000004                 
7560001300018U 060000000000000000000000000000000000000000000000000000000000000000000000297330000000000297330000000000000000000000000000003009202430092024    00000000000000000000000                       785115075600000000000000000000       
7560001300019T 0605631000000200873060000028204001011     143330523000000010102024000000000026858033015720                         091000008745532885VANDA UTINO MOREIRA                     00000000000000000000003500000000004                 
7560001300020U 060000000000000000000000000000000000000000000000000000000000000000000000268580000000000268580000000000000000000000000000003009202430092024    00000000000000000000000                       785093675600000000000000000000       
75600015         00002200001000000000000300661000000000000000000000000000000000000000000000000000000000000000000000                                                                                                                             
75699999         000001000024000000                                                                                                                                                                                                             
