75600000         219895217000135                    05631000000200644540IWS CURSOS DE IDIOMAS LTDA    SICOOB                                  20512202408225600144108500000                                                                     
75600011T01  043 2019895217000135          563100002405631000000200644540IWS CURSOS DE IDIOMAS LTDA                                                                                    000000000512202400000000                                 
7560001300001T 0905631000000200644540000028394801011     143016207400000030102024000000000070400756056310                         091000022974269842GRACIELLE DE SOUSA ANDRADE              00000000000000000000003500000000009                 
7560001300002U 090000000000000000000000000000000000000000000000000000000000000000000000000000000000000000000000000000000000000000000000000412202404122024    00000000000000000000000                       802374075600000000000000000000       
7560001300003T 0605631000000200644540000028690401011     143017207400000030112024000000000070400033009190                         091000022974269842GRACIELLE DE SOUSA ANDRADE              00000000000000000000003500000000004                 
7560001300004U 060000000000015000000000000000000000000000000000000000000000000000000000719000000000000719000000000000000000000000000000000412202404122024    00000000000000000000000                       802412875600000000000000000000       
7560001300005T 0605631000000200644540000028693601011     143854211400000030112024000000000028700237011770                         091000031906088810JEZABEL ROSA MORAES HOLANDA             00000000000000000000003500000000004                 
7560001300006U 060000000000006100000000000000000000000000000000000000000000000000000000293100000000000293100000000000000000000000000000000412202404122024    00000000000000000000000                       802281675600000000000000000000       
7560001300007T 0605631000000200644540000028752601011     139716183000000010122024000000000028302237005930                         091000032988336814CARLOS HENRIQUE DE OLIVEIRA             00000000000000000000003500000000004                 
7560001300008U 060000000000000000000000000000000000000000000000000000000000000000000000283020000000000283020000000000000000000000000000000412202404122024    00000000000000000000000                       802280975600000000000000000000       
7560001300009T 0605631000000200644540000028801201011     141457694000000005122024000000000038154033017840                         091000036768656856CINTIA DEZASSO QUINI                    00000000000000000000003500000000004                 
7560001300010U 060000000000000000000000000000000000000000000000000000000000000000000000381540000000000381540000000000000000000000000000000412202404122024    00000000000000000000000                       802287975600000000000000000000       
75600015         00001200000500000000000235956000000000000000000000000000000000000000000000000000000000000000000000                                                                                                                             
75699999         000001000014000000                                                                                                                                                                                                             
