75600000         229492820000120                    05631000000200873060ANEXA IDIOMAS LTDA            SICOOB                                  22611202409235000116008500000                                                                     
75600011T01  043 2029492820000120          563100002405631000000200873060ANEXA IDIOMAS LTDA                                                                                            000000002611202400000000                                 
7560001300001T 0605631000000200873060000028715001011     139165127200000025112024000000000025281341063110                         091000028642395826CARLA REGINA DE ARAUJO                  00000000000000000000003500000000004                 
7560001300002U 060000000000000000000000000000000000000000000000000000000000000000000000252810000000000252810000000000000000000000000000002511202425112024    00000000000000000000000                       799549975600000000000000000000       
7560001300003T 0605631000000200873060000028718201011     142418111500000025112024000000000030337033029800                         091000098449648491MARIA HELENA DOS REIS                   00000000000000000000003500000000004                 
7560001300004U 060000000000000000000000000000000000000000000000000000000000000000000000303370000000000303370000000000000000000000000000002511202425112024    00000000000000000000000                       799776075600000000000000000000       
7560001300005T 0605631000000200873060000028723001011     140279133700000025112024000000000017490081000010                         091000034193427803EDVANIA SILVA PEREIRA                   00000000000000000000003500000000004                 
7560001300006U 060000000000000000000000000000000000000000000000000000000000000000000000174900000000000174900000000000000000000000000000002511202425112024    00000000000000000000000                       799936775600000000000000000000       
75600015         00000800000300000000000073108000000000000000000000000000000000000000000000000000000000000000000000                                                                                                                             
75699999         000001000010000000                                                                                                                                                                                                             
