75600000         219895217000135                    05631000000200644540IWS CURSOS DE IDIOMAS LTDA    SICOOB                                  21208202409030600137008500000                                                                     
75600011T01  043 2019895217000135          563100002405631000000200644540IWS CURSOS DE IDIOMAS LTDA                                                                                    000000001208202400000000                                 
7560001300001T 0905631000000200644540000025529501011     140458198600000010022024000000000026700756056310                         091000013507076861ALEXANDRE LEAO LUCCHESI                 00000000000000000000003500000000013                 
7560001300002U 090000000000000000000000000000000000000000000000000000000000000000000000000000000000000000000000000000000000000000000000000908202409082024    00000000000000000000000                       772232875600000000000000000000       
7560001300003T 0905631000000200644540000025530301011     135023400000000010022024000000000030000756056310                         091000039857755836ALINE NUNES DAL SOGLIO GUIDI            00000000000000000000003500000000013                 
7560001300004U 090000000000000000000000000000000000000000000000000000000000000000000000000000000000000000000000000000000000000000000000000908202409082024    00000000000000000000000                       772232975600000000000000000000       
7560001300005T 0905631000000200644540000025536701011     134878183000000010022024000000000025365756056310                         091000032988336814CARLOS HENRIQUE DE OLIVEIRA             00000000000000000000003500000000013                 
7560001300006U 090000000000000000000000000000000000000000000000000000000000000000000000000000000000000000000000000000000000000000000000000908202409082024    00000000000000000000000                       772233075600000000000000000000       
7560001300007T 0905631000000200644540000025543901011     135107166300000010022024000000000033920756056310                         091000029424248857ELIEZER QUEIROZ JUNIOR                  00000000000000000000003500000000013                 
7560001300008U 090000000000000000000000000000000000000000000000000000000000000000000000000000000000000000000000000000000000000000000000000908202409082024    00000000000000000000000                       772233175600000000000000000000       
7560001300009T 0905631000000200644540000025551801011     137018264000000010022024000000000023320756056310                         091000026634012857JERRISLEI BENTO NOGUEIRA                00000000000000000000003500000000013                 
7560001300010U 090000000000000000000000000000000000000000000000000000000000000000000000000000000000000000000000000000000000000000000000000908202409082024    00000000000000000000000                       772233275600000000000000000000       
7560001300011T 0905631000000200644540000025557101011     138665196400000010022024000000000030000756056310                         091000036299312866LETICIA RAMOS SHINKAI                   00000000000000000000003500000000013                 
7560001300012U 090000000000000000000000000000000000000000000000000000000000000000000000000000000000000000000000000000000000000000000000000908202409082024    00000000000000000000000                       772233375600000000000000000000       
7560001300013T 0905631000000200644540000025570801011     138073193400000010022024000000000032000756056310                         091000031689196831ANDREIA APARECIDA LIMA DA CRUZ          00000000000000000000003500000000013                 
7560001300014U 090000000000000000000000000000000000000000000000000000000000000000000000000000000000000000000000000000000000000000000000000908202409082024    00000000000000000000000                       772233475600000000000000000000       
7560001300015T 0905631000000200644540000025574701011     134155134100000010022024000000000038500756056310                         091000017533829808CLEBER ANTONIO CHINELATO                00000000000000000000003500000000013                 
7560001300016U 090000000000000000000000000000000000000000000000000000000000000000000000000000000000000000000000000000000000000000000000000908202409082024    00000000000000000000000                       772233575600000000000000000000       
7560001300017T 0905631000000200644540000025576101011     134203134400000010022024000000000034650756056310                         091000017533829808CLEBER ANTONIO CHINELATO                00000000000000000000003500000000013                 
7560001300018U 090000000000000000000000000000000000000000000000000000000000000000000000000000000000000000000000000000000000000000000000000908202409082024    00000000000000000000000                       772233675600000000000000000000       
7560001300019T 0905631000000200644540000025577901011     135071128000000010022024000000000026240756056310                         091000098638726287DAN SHINKAI                             00000000000000000000003500000000013                 
7560001300020U 090000000000000000000000000000000000000000000000000000000000000000000000000000000000000000000000000000000000000000000000000908202409082024    00000000000000000000000                       772233775600000000000000000000       
7560001300021T 0905631000000200644540000025579301011     135179137200000010022024000000000026526756056310                         091000044202915836LAIS CREPALDI                           00000000000000000000003500000000013                 
7560001300022U 090000000000000000000000000000000000000000000000000000000000000000000000000000000000000000000000000000000000000000000000000908202409082024    00000000000000000000000                       772233875600000000000000000000       
7560001300023T 0905631000000200644540000025644801011     140560400000000010022024000000000015000756056310                         091000039857755836ALINE NUNES DAL SOGLIO GUIDI            00000000000000000000003500000000013                 
7560001300024U 090000000000000000000000000000000000000000000000000000000000000000000000000000000000000000000000000000000000000000000000000908202409082024    00000000000000000000000                       772233975600000000000000000000       
7560001300025T 0905631000000200644540000025656601011     141043153300000010022024000000000035000756056310                         091000018506198836ALESSANDRA PEREIRA DA SILVA             00000000000000000000003500000000013                 
7560001300026U 090000000000000000000000000000000000000000000000000000000000000000000000000000000000000000000000000000000000000000000000000908202409082024    00000000000000000000000                       772234075600000000000000000000       
7560001300027T 0605631000000200644540000027491901011     140915151400000010082024000000000022247033001070                         091000004913644823VALQUIRIA DE CASSIA NUNES SOARES        00000000000000000000003500000000004                 
7560001300028U 060000000000000000000000000000000000000000000000000000000000000000000000222470000000000222470000000000000000000000000000000908202409082024    00000000000000000000000                       771879275600000000000000000000       
7560001300029T 0605631000000200644540000027614501011     143029240000000009082024000000000185235341000460                         092062430194000112BRASPAR                                 00000000000000000000003500000000004                 
7560001300030U 060000000000000000000000000000000000000000000000000000000000000000000001852350000000001852350000000000000000000000000000000908202409082024    00000000000000000000000                       771885175600000000000000000000       
7560001300031T 0605631000000200644540000027618401011     143502208600000010082024000000000021000001030260                         091000034465431805JACIANE IZIDORIO DE OLIVEIRA SOUZA      00000000000000000000003500000000004                 
7560001300032U 060000000000000000000000000000000000000000000000000000000000000000000000210000000000000210000000000000000000000000000000000908202409082024    00000000000000000000000                       771861475600000000000000000000       
7560001300033T 0605631000000200644540000027665001011     138243120100000010082024000000000032648033002360                         091000037917191818JACQUELINE ALVES TAMURA                 00000000000000000000003500000000004                 
7560001300034U 060000000000000000000000000000000000000000000000000000000000000000000000326480000000000326480000000000000000000000000000000908202409082024    00000000000000000000000                       771879775600000000000000000000       
75600015         00003600001700000000000638351000000000000000000000000000000000000000000000000000000000000000000000                                                                                                                             
75699999         000001000038000000                                                                                                                                                                                                             
