75600000         229492820000120                    05631000000200873060ANEXA IDIOMAS LTDA            SICOOB                                  22608202408420900111408500000                                                                     
75600011T01  043 2029492820000120          563100002405631000000200873060ANEXA IDIOMAS LTDA                                                                                            000000002608202400000000                                 
7560001300001T 0605631000000200873060000027714401011     139162127200000025082024000000000025281341063110                         091000028642395826CARLA REGINA DE ARAUJO                  00000000000000000000003500000000004                 
7560001300002U 060000000000000000000000000000000000000000000000000000000000000000000000252810000000000252810000000000000000000000000000002308202423082024    00000000000000000000000                       775909275600000000000000000000       
7560001300003T 0605631000000200873060000027775301011     142952182400000005092024000000000003000341054170                         091000032193753830ADRIANA DA ROCHA FERREIRA               00000000000000000000003500000000004                 
7560001300004U 060000000000000000000000000000000000000000000000000000000000000000000000030000000000000030000000000000000000000000000000002308202423082024    00000000000000000000000                       775907975600000000000000000000       
75600015         00000600000200000000000028281000000000000000000000000000000000000000000000000000000000000000000000                                                                                                                             
75699999         000001000008000000                                                                                                                                                                                                             
