75600000         219895217000135                    05631000000200644540IWS CURSOS DE IDIOMAS LTDA    SICOOB                                  21410202415044900141108500000                                                                     
75600011T01  043 2019895217000135          563100002405631000000200644540IWS CURSOS DE IDIOMAS LTDA                                                                                    000000001410202400000000                                 
7560001300001T 0605631000000200644540000028132801011     143877211600000010102024000000000026700237005930                         091000039945420810ALANA SANTANA DE SOUZA                  00000000000000000000003500000000004                 
7560001300002U 060000000000005430000000000000000000000000000000000000000000000000000000272430000000000272430000000000000000000000000000001110202411102024    00000000000000000000000                       788867975600000000000000000000       
7560001300003T 0605631000000200644540000028133501011     143891211600000010102024000000000007500237005930                         091000039945420810ALANA SANTANA DE SOUZA                  00000000000000000000003500000000004                 
7560001300004U 060000000000001520000000000000000000000000000000000000000000000000000000076520000000000076520000000000000000000000000000001110202411102024    00000000000000000000000                       788897175600000000000000000000       
7560001300005T 0605631000000200644540000028168201011     140254182700000010102024000000000025472237005930                         091000039053153861SAMMYA M. DA S. SOUSA                   00000000000000000000003500000000004                 
7560001300006U 060000000000005170000000000000000000000000000000000000000000000000000000259890000000000259890000000000000000000000000000001110202411102024    00000000000000000000000                       788973275600000000000000000000       
75600015         00000800000300000000000059672000000000000000000000000000000000000000000000000000000000000000000000                                                                                                                             
75699999         000001000010000000                                                                                                                                                                                                             
