75600000         229492820000120                    05631000000200873060ANEXA IDIOMAS LTDA            SICOOB                                  20912202409412000116608500000                                                                     
75600011T01  043 2029492820000120          563100002405631000000200873060ANEXA IDIOMAS LTDA                                                                                            000000000912202400000000                                 
7560001300001T 0605631000000200873060000028978801011     139238127000000030122024000000000017750033036290                         091000073446530363ANTONIO IRAILSON BEZERRA SABOIA         00000000000000000000003500000000004                 
7560001300002U 060000000000000000000000000000000000000000000000000000000000000000000000177500000000000177500000000000000000000000000000000612202406122024    00000000000000000000000                       803202375600000000000000000000       
7560001300003T 0605631000000200873060000028992101011     141218197000000030122024000000000030000341082550                         091000000879236884RAQUEL DIAS RAMALHO                     00000000000000000000003500000000004                 
7560001300004U 060000000000000000000000000000000000000000000000000000000000000000000000300000000000000300000000000000000000000000000000000612202406122024    00000000000000000000000                       803025875600000000000000000000       
75600015         00000600000200000000000047750000000000000000000000000000000000000000000000000000000000000000000000                                                                                                                             
75699999         000001000008000000                                                                                                                                                                                                             
