75600000         229492820000120                    05631000000200873060ANEXA IDIOMAS LTDA            SICOOB                                  21012202409212000116708500000                                                                     
75600011T01  043 2029492820000120          563100002405631000000200873060ANEXA IDIOMAS LTDA                                                                                            000000001012202400000000                                 
7560001300001T 0905631000000200873060000026859801011     139004182900000010062024000000000021094756056310                         091000010645957828ROSANA BOSON CONCEICAO MACEDO           00000000000000000000003500000000013                 
7560001300002U 090000000000000000000000000000000000000000000000000000000000000000000000000000000000000000000000000000000000000000000000000912202409122024    00000000000000000000000                       803896075600000000000000000000       
7560001300003T 0905631000000200873060000026861301011     139638189200000010062024000000000018974756056310                         091000026577600821ANA PAULA PEREIRA DA SILVA              00000000000000000000003500000000013                 
7560001300004U 090000000000000000000000000000000000000000000000000000000000000000000000000000000000000000000000000000000000000000000000000912202409122024    00000000000000000000000                       803896175600000000000000000000       
7560001300005T 0905631000000200873060000026863801011     141927204300000010062024000000000028300756056310                         091000026257486807ELIANA SOUSA DE OLIVEIRA                00000000000000000000003500000000013                 
7560001300006U 090000000000000000000000000000000000000000000000000000000000000000000000000000000000000000000000000000000000000000000000000912202409122024    00000000000000000000000                       803896275600000000000000000000       
7560001300007T 0905631000000200873060000026866001011     141990172900000010062024000000000024719756056310                         091000022128641837CELIA MATOS SILVA                       00000000000000000000003500000000013                 
7560001300008U 090000000000000000000000000000000000000000000000000000000000000000000000000000000000000000000000000000000000000000000000000912202409122024    00000000000000000000000                       803896375600000000000000000000       
7560001300009T 0905631000000200873060000026873101011     142315205600000010062024000000000032000756056310                         091000027230658802DAGMAR DE OLIVEIRA MOTA PENHA           00000000000000000000003500000000013                 
7560001300010U 090000000000000000000000000000000000000000000000000000000000000000000000000000000000000000000000000000000000000000000000000912202409122024    00000000000000000000000                       803896475600000000000000000000       
7560001300011T 0905631000000200873060000026880301011     140377197900000010062024000000000022200756056310                         091000031691253898LEANDRO FERREIRA MUNIZ                  00000000000000000000003500000000013                 
7560001300012U 090000000000000000000000000000000000000000000000000000000000000000000000000000000000000000000000000000000000000000000000000912202409122024    00000000000000000000000                       803896575600000000000000000000       
7560001300013T 0905631000000200873060000026881001011     141523497000000010062024000000000044944756056310                         091000025609453801MARCIA HELENA FERNANDES                 00000000000000000000003500000000013                 
7560001300014U 090000000000000000000000000000000000000000000000000000000000000000000000000000000000000000000000000000000000000000000000000912202409122024    00000000000000000000000                       803896675600000000000000000000       
7560001300015T 0905631000000200873060000026882801011     139376184800000010062024000000000028302756056310                         091000016158461822SERGIO APARECIDO DE BARROS SILVA        00000000000000000000003500000000013                 
7560001300016U 090000000000000000000000000000000000000000000000000000000000000000000000000000000000000000000000000000000000000000000000000912202409122024    00000000000000000000000                       803896775600000000000000000000       
7560001300017T 0905631000000200873060000026883501011     141302184800000010062024000000000003750756056310                         091000016158461822SERGIO APARECIDO DE BARROS SILVA        00000000000000000000003500000000013                 
7560001300018U 090000000000000000000000000000000000000000000000000000000000000000000000000000000000000000000000000000000000000000000000000912202409122024    00000000000000000000000                       803896875600000000000000000000       
7560001300019T 0905631000000200873060000026885001011     142328205800000010062024000000000022000756056310                         091000046586007810NICOLE DOS SANTOS                       00000000000000000000003500000000013                 
7560001300020U 090000000000000000000000000000000000000000000000000000000000000000000000000000000000000000000000000000000000000000000000000912202409122024    00000000000000000000000                       803896975600000000000000000000       
7560001300021T 0905631000000200873060000026886701011     139424129500000010062024000000000034980756056310                         091000031192736869ELIDA DE CAMPOS HEIN                    00000000000000000000003500000000013                 
7560001300022U 090000000000000000000000000000000000000000000000000000000000000000000000000000000000000000000000000000000000000000000000000912202409122024    00000000000000000000000                       803897075600000000000000000000       
7560001300023T 0905631000000200873060000026888101011     141559190900000010062024000000000018868756056310                         091000042658157827SABRINA ARILAINE SOUZA OLIVEIRA         00000000000000000000003500000000013                 
7560001300024U 090000000000000000000000000000000000000000000000000000000000000000000000000000000000000000000000000000000000000000000000000912202409122024    00000000000000000000000                       803897175600000000000000000000       
7560001300025T 0905631000000200873060000026891401011     140901123200000010062024000000000022123756056310                         091000012980636800ALEXANDRO SOARES                        00000000000000000000003500000000013                 
7560001300026U 090000000000000000000000000000000000000000000000000000000000000000000000000000000000000000000000000000000000000000000000000912202409122024    00000000000000000000000                       803897275600000000000000000000       
7560001300027T 0605631000000200873060000028821701011     140823139100000010122024000000000060674260000010                         091000035044873802LUCAS DA PAZ PEDRO                      00000000000000000000003500000000004                 
7560001300028U 060000000000000000000000000000000000000000000000000000000000000000000000606740000000000606740000000000000000000000000000000912202409122024    00000000000000000000000                       803456975600000000000000000000       
7560001300029T 0605631000000200873060000028826301011     143400207600000010122024000000000039326260000010                         091000036044850889MARIANA ROCHA REGO                      00000000000000000000003500000000004                 
7560001300030U 060000000000000000000000000000000000000000000000000000000000000000000000393260000000000393260000000000000000000000000000000912202409122024    00000000000000000000000                       803448375600000000000000000000       
7560001300031T 0605631000000200873060000028833501011     141565190900000010122024000000000018868633000010                         091000042658157827SABRINA ARILAINE SOUZA OLIVEIRA         00000000000000000000003500000000004                 
7560001300032U 060000000000000000000000000000000000000000000000000000000000000000000000188680000000000188680000000000000000000000000000000912202409122024    00000000000000000000000                       803505975600000000000000000000       
7560001300033T 0605631000000200873060000028834201011     143438208000000010122024000000000022200341018000                         091000034253088821DRYELLE SOUSA SAMPAIO                   00000000000000000000003500000000004                 
7560001300034U 060000000000000000000000000000000000000000000000000000000000000000000000222000000000000222000000000000000000000000000000000912202409122024    00000000000000000000000                       803669275600000000000000000000       
7560001300035T 0605631000000200873060000028837401011     143332523000000010122024000000000026858033029910                         091000008745532885VANDA UTINO MOREIRA                     00000000000000000000003500000000004                 
7560001300036U 060000000000000000000000000000000000000000000000000000000000000000000000268580000000000268580000000000000000000000000000000912202409122024    00000000000000000000000                       803860375600000000000000000000       
7560001300037T 0605631000000200873060000028995301011     141734202800000020122024000000000035200033015720                         091000043469702810RENAN FERREIRA DIAS                     00000000000000000000003500000000004                 
7560001300038U 060000000000000000000000000000000000000000000000000000000000000000000000352000000000000352000000000000000000000000000000000912202409122024    00000000000000000000000                       803446375600000000000000000000       
75600015         00004000001900000000000525380000000000000000000000000000000000000000000000000000000000000000000000                                                                                                                             
75699999         000001000042000000                                                                                                                                                                                                             
