00100000         2198952170001350032912580014       0332780000000364436 IWS CURSOS DE IDIOMAS LTDA    BANCO DO BRASIL                         23010202001264600003603000000517642287PROCESSAMEN                                                 
00100011T0100020 20198952170001350032912580014       0332780000000364436 IWS CURSOS DE IDIOMAS LTDA                                                                                    000000003010202000000000  000000000                      
0010001300001T 020332780000000364436 32912580000010457   7S/N            0411202000000000000010000100636X32912580000010457        0900000000000010500000000000000000000000000000000000000   0000000000000000000000000A9A4      170193291258     
0010001300002U 020000000000000000000000000000000000000000000000000000000000000000000000000000000000000000000000000000000000000000000000003010202000000000            000000000000000                              000                           
0010001300003T 060332780000000364436 32912580000010457   7S/N            0411202000000000000010007700001032912580000010457        0900000000000010100000000000000000000000000000000000000   000000000000000000000019804        170193291258     
0010001300004U 060000000000000000000000000000000000000000000000000000000000000000000000001000000000000001000000000000000000000000000000003010202003112020            000000000000000                              000
00100015         000006000001000000000000003500000000000000000000000000000000000000000000000000000000000000000000000000000000000000000000000000000                                                                                              
00199999         000001000008000000                                                                                                                                                            00000000000000000000000000000                    
