75600000         219895217000135                    05142000000000644590IWS Cursos de Idiomas Ltda    SICOOB                                  12011201823132300000108100000                                                                     
75600021R01  040 2019895217000135                    0514200000000064459 IWS Cursos de Idiomas Ltda                                                                                    000000022011201800000000                                 
7560002300000P 010514200000000064459                     101220              1511201800000000003255000000 02N201120180000000000000000000000000000000000000000000000000000000000000000000000000000000                        1000   090000000000 
75600023000011 011000010351172823Antonio Carlos Amedeo Vattimo           Rua São Carlos do Pinhal,              Bela Vista     01333000Sao Paulo      SP0000000000000000                                        000                            
75600023000012 010000000000000000000000000000000000000000000000002151120180000000000002000                                                                                                             0000000000000000 000000000000  0         
7560002300001S 013                                                                                                                                                                                                                              
7560002300000P 010514200000000064459                     101220              1511201800000000003255000000 02N201120180000000000000000000000000000000000000000000000000000000000000000000000000000000                        1000   090000000000 
75600023000014 011000010351172823Antonio Carlos Amedeo Vattimo           Rua São Carlos do Pinhal,              Bela Vista     01333000Sao Paulo      SP0000000000000000                                        000                            
75600023000015 010000000000000000000000000000000000000000000000002151220180000000000002000                                                                                                             0000000000000000 000000000000  0         
7560002300001S 013                                                                                                                                                                                                                              
7560002300003P 010514200000000064459                     101221              1512201800000000003255000000 02N201120180000000000000000000000000000000000000000000000000000000000000000000000000000000                        1000   090000000000 
75600023000017 011000010351172823Antonio Carlos Amedeo Vattimo           Rua São Carlos do Pinhal,              Bela Vista     01333000Sao Paulo      SP0000000000000000                                        000                            
75600023000018 010000000000000000000000000000000000000000000000002150120190000000000002000                                                                                                             0000000000000000 000000000000  0         
7560002300001S 013                                                                                                                                                                                                                              
7560002300003P 010514200000000064459                     101221              1512201800000000003255000000 02N201120180000000000000000000000000000000000000000000000000000000000000000000000000000000                        1000   090000000000 



7560002300006P 010514200000000064459                     101222              1501201900000000003255000000 02N201120180000000000000000000000000000000000000000000000000000000000000000000000000000000                        1000   090000000000 



7560002300006P 010514200000000064459                     101222              1501201900000000003255000000 02N201120180000000000000000000000000000000000000000000000000000000000000000000000000000000                        1000   090000000000 



75600025         000003000003000000000000976.5000000000000000000000000000000000000000000000000000000000000000000000                                                                                                                             
75699999         000001000003000003                                                                                                                                                                                                             
