75600000         219895217000135                    05142000000000644590IWS Cursos de Idiomas Ltda    SICOOB                                  12011201823363900000108100000                                                                     
75600011R01  040 2019895217000135                    0514200000000064459 IWS Cursos de Idiomas Ltda                                                                                    000000012011201800000000                                 
7560001300000P 010514200000000064459                     101220              1511201800000000003255000000 02N201120180000000000000000000000000000000000000000000000000000000000000000000000000000000                        1000   090000000000 
75600013000011 011000010351172823Antonio Carlos Amedeo Vattimo           Rua São Carlos do Pinhal,              Bela Vista     01333000Sao Paulo      SP0000000000000000                                        000                            
75600013000012 010000000000000000000000000000000000000000000000002151120180000000000002000                                                                                                             0000000000000000 000000000000  0         
7560001300001S 013                                                                                                                                                                                                                              
7560001300000P 010514200000000064459                     101220              1511201800000000003255000000 02N201120180000000000000000000000000000000000000000000000000000000000000000000000000000000                        1000   090000000000 
75600013000014 011000008545770847Luis Fernando Rensi Cunha               Rua Doutor Mário Vicente,              Vila Dom Pedro I04270000Sao Paulo      SP0000000000000000                                        000                            
75600013000015 010000000000000000000000000000000000000000000000002151120180000000000002000                                                                                                             0000000000000000 000000000000  0         
7560001300001S 013                                                                                                                                                                                                                              
7560001300003P 010514200000000064459                     101221              1511201800000000003255000000 02N201120180000000000000000000000000000000000000000000000000000000000000000000000000000000                        1000   090000000000 
75600013000017 011000033390590803Michel Fernandes Ramos                  Rua Varginha, 445                       Ernane Murad   19400000Presidente VenceslauSP0000000000000000                                        000                            
75600013000018 010000000000000000000000000000000000000000000000002151120180000000000002000                                                                                                             0000000000000000 000000000000  0         
7560001300001S 013                                                                                                                                                                                                                              
7560001300003P 010514200000000064459                     101221              1511201800000000003255000000 02N201120180000000000000000000000000000000000000000000000000000000000000000000000000000000                        1000   090000000000 



7560001300006P 010514200000000064459                     101222              1511201800000000001500000000 02N201120180000000000000000000000000000000000000000000000000000000000000000000000000000000                        1000   090000000000 



7560001300006P 010514200000000064459                     101222              1511201800000000001500000000 02N201120180000000000000000000000000000000000000000000000000000000000000000000000000000000                        1000   090000000000 



75600015         00000300000300000000000000801000000000000000000000000000000000000000000000000000000000000000000000                                                                                                                             
75699999         000001000003000003                                                                                                                                                                                                             
